2814 4328
248 283 297 336 208
587 287 755 338 CICERO’S
779 288 954 338 LETTERS.
1106 287 1168 354 [Ep.
1184 290 1293 338 LXVII

248 452 431 518 sedetiam
458 475 499 519 ex
527 455 632 520 oculis
657 465 691 520 et
719 455 824 534 vultu,
852 477 892 520 ex
917 456 1032 521 multis
1056 467 1234 539 praeterea
1258 459 1293 522 si-

248 561 334 645 gnis,
352 582 438 646 quae
453 562 584 628 facilius
604 564 795 647 perspicere
816 565 910 647 potui
930 586 1030 649 quam
1056 565 1216 642 scribere,
1236 566 1296 630 hac

248 670 405 753 opinione
432 671 582 748 discessi,
607 681 644 736 ut
669 672 751 735 mihi
776 681 835 736 tua
859 673 948 737 salus
974 673 1075 737 dubia
1099 693 1168 737 non
1194 684 1294 739 esset.

215 779 476 862 nQuamobrem
501 779 554 845 iac
579 780 690 844 animo
715 801 837 863 magno
859 781 1008 863 fortique
1032 781 1079 845 sis
1103 791 1148 858 et,
1177 783 1206 846 si
1231 792 1297 847 tur·

249 887 421 952 bidissima
449 889 618 971 sapienter
645 889 788 965 ferebas,
818 890 1048 974 tranquilliora
1076 890 1165 954 laete
1195 890 1295 956 ieras.

250 997 323 1080 Ego
340 1006 452 1060 tamen
469 997 537 1061 tuis
563 998 663 1062 rebus
688 998 738 1062 sic
759 999 869 1074 adero,
889 1008 925 1061 ut
951 998 1165 1074 difficillimis,
1187 1020 1297 1082 neque

250 1105 386 1170 Caesari
415 1105 533 1181 solum,
563 1107 623 1170 sed
651 1107 752 1196 etiam
781 1093 901 1171 amicis
924 1106 996 1170 eius
1021 1106 1191 1184 omnibus,
1211 1128 1295 1190 quos

248 1213 330 1277 mihi
361 1214 582 1279 amicissimos
610 1235 687 1279 esse
718 1215 871 1298 cognovi,
900 1235 961 1299 pro
989 1224 1034 1292 te,
1064 1214 1151 1280 sicut
1186 1216 1295 1281 adhuc

247 1322 324 1399 leci,
341 1322 564 1388 libentissime
586 1323 790 1407 supplicabo.
838 1323 933 1388 Vale.

556 1565 703 1631 LXVII.
738 1565 842 1651 (Fam.
859 1583 891 1650 9.
914 1566 981 1650 ις.)

607 1739 746 1790 CICERO
765 1740 887 1790 PAETO
905 1740 933 1790 S.

217 1899 236 1935 1·
294 1873 435 1939 Duabus
450 1874 520 1939 tuis
543 1875 697 1958 epistulis
719 1875 940 1958 respondebo,
960 1874 1020 1939 uni
1041 1895 1141 1958 quarn
1164 1877 1294 1959 quadri·

223 2001 226 2008 ⁴
248 1984 313 2047 duo
330 1993 408 2047 ante
425 2003 618 2066 acceperam
635 2005 655 2048 a
672 1983 788 2059 Zetho,
807 1983 904 2047 alt'eri
923 2003 1023 2066 quam
1040 1983 1200 2048 attulerat
1223 1985 1294 2048 Phi-

248 2091 334 2156 leros
346 2092 549 2156 tabellarius.
589 2093 642 2156 Ex
654 2091 820 2175 prioribus
838 2091 905 2155 tuis
922 2091 1045 2156 litteris
1060 2091 1210 2155 intellexi
1223 2113 1294 2176 per-

247 2210 375 2283 gratam
389 2201 451 2264 tibi
463 2221 539 2265 esse
551 2222 665 2266 curam
678 2221 787 2265 meam
801 2200 1002 2264 valetudinis
1016 2209 1103 2277 tuae,
1117 2221 1218 2284 quam
1232 2202 1295 2266 tibi

248 2319 457 2392 perspectam
480 2329 556 2374 esse
572 2311 718 2393 gaude0;
742 2310 811 2385 sed,
831 2308 913 2373 mihi
936 2310 1044 2385 crede,
1063 2329 1131 2373 non
1154 2310 1295 2392 perinde

248 2427 285 2482 ut
303 2427 355 2482 est
372 2438 490 2500 reapse
507 2438 548 2482 ex
564 2418 687 2482 litteris
705 2417 896 2501 perspicere
913 2417 1063 2500 potuisti.
1111 2417 1198 2481 Nam
1218 2439 1294 2482 cum

248 2527 365 2591 asatis
387 2526 501 2591 multis
524 2531 603 2612 (non
629 2527 718 2591 enim
743 2547 880 2609 possum
904 2525 1003 2589 aliter
1025 2525 1150 2610 dicere)
1168 2535 1203 2589 et
1230 2527 1295 2591 coli

248 2655 302 2699 me
317 2635 448 2699 videam
465 2645 498 2698 et
516 2635 618 2719 diligi,
638 2656 742 2717 nemov
754 2644 806 2698 est
828 2633 958 2698 illorum
981 2633 1130 2697 omnium
1154 2634 1239 2698 mihi
1261 2645 1296 2699 te

282 2793 396 2842 LXVII.
416 2793 509 2851 Rome,
521 2792 577 2842 first
593 2793 745 2859 intercalary
797 2794 858 2856 ipsa.
894 2791 926 2840 ln
950 2791 1058 2841 Plautus
1080 2791 1145 2842 such
1163 2791 1248 2842 forms
1266 2808 1294 2842 as

248 2859 341 2908 month
364 2859 431 2908 alter
456 2860 653 2921 Nov.,4613.c.
674 2860 744 2924 (Oct.
796 2866 904 2922 eumpse,
915 2865 1022 2920 eampse,
1035 2857 1088 2908 and
1098 2866 1169 2921 eapse
1185 2874 1230 2908 are
1248 2868 1294 2908 not

248 2926 278 2975 of
294 2927 338 2976 the
356 2927 442 2986 Julian
460 2925 609 2990 calendar);
629 2942 674 2976 see
694 2928 743 2991 Ep.
798 2940 956 2975 uncommon
975 2925 1019 2989 (cf.
1041 2926 1113 2974 Tria.
1131 2939 1198 2987 974;
1217 2928 1293 2974 Paen.

250 2994 346 3043 LXVI.
359 2993 455 3041 introd.
469 3001 539 3042 note.
575 2994 628 3042 For
641 2995 744 3051 Paetus,
798 3006 853 3054 272,
866 2992 936 3055 etc).
969 2993 1067 3054 Reapse
1078 3007 1169 3041 occurs
1182 2993 1207 3040 in
1220 3008 1293 3041 some

248 3075 292 3110 see
305 3061 352 3124 Ep.
367 3059 438 3109 LXI.
451 3059 546 3109 introd.
559 3067 628 3111 note.
797 3059 847 3110 five
859 3075 889 3107 or
906 3059 946 3108 six
961 3058 1038 3107 other
1054 3073 1179 3123 passages
1195 3059 1220 3106 in
1238 3059 1294 3108 Cic·

285 3141 304 3175 1.
324 3128 434 3177 Zetho:
464 3126 591 3192 probably
618 3143 635 3176 a
662 3125 745 3177 freed-
797 3126 909 3184 ero,but
926 3126 1080 3190 apparently
1098 3125 1124 3173 in
1141 3140 1219 3191 every
1235 3141 1293 3174 case

249 3202 552 3258 man-pergratam:
570 3192 603 3243 cl.
622 3195 685 3243 Intr.
704 3207 744 3255 77.
798 3193 891 3242 Cicero
908 3193 931 3240 is
948 3191 1073 3256 affecting
1092 3207 1126 3240 an
1143 3192 1247 3242 archaic
1264 3208 1294 3241 or

248 3261 362 3312 -mihi
380 3262 483 3311 crede:
500 3276 545 3311 see
563 3262 612 3324 Ep.
625 3260 744 3310 XXVII.
797 3259 937 3324 colloquial
952 3259 1161 3309 tone—satis:
1177 3259 1293 3308 Wolfflin

252 3343 261 3378 1
277 3345 343 3377 n.—
352 3329 471 3392 perinde
488 3335 521 3379 ut
533 3345 538 3376 :
556 3327 602 3377 the
613 3342 746 3392 compara·
798 3326 867 3390 (Lat.
879 3343 905 3375 u.
917 3343 981 3375 rem.
993 3328 1181 3388 Comparatian,
1193 3340 1206 3374 2
1210 3326 1235 3389 3)
1246 3327 1293 3375 has

249 3396 301 3444 tive
324 3395 432 3458 phrases
451 3395 561 3457 perinde
580 3401 616 3452 ut,
635 3395 746 3458 proinde
796 3394 887 3444 shown
900 3393 957 3442 that
968 3393 1068 3442 satisin
1082 3393 1190 3441 Plautus
1202 3392 1255 3441 and
1266 3394 1291 3442 in

218 3467 220 3473 '
248 3479 278 3510 ac
291 3461 333 3526 (cf.
346 3463 420 3510 Fam.
439 3475 478 3510 10.
496 3475 535 3526 31·
549 3475 574 3520 ²3
593 3462 641 3525 Ep.
655 3461 744 3510 XCII.
796 3460 848 3510 late
862 3461 937 3510 Latin
947 3461 1099 3510 sometimes
1108 3459 1155 3508 has
1168 3459 1213 3508 the
1222 3459 1293 3508 force

250 3530 284 3591 a),
292 3528 403 3590 proinde
420 3534 450 3576 ut
462 3529 506 3592 (cl.
525 3529 596 3577 Fam.
614 3542 651 3576 10.
667 3542 692 3588 4.
708 3528 744 3589 4),
796 3527 826 3574 ol
842 3528 923 3584 valde,
936 3526 988 3575 and
1000 3527 1057 3576 that
1073 3524 1160 3574 would
1177 3541 1250 3574 seem
1266 3535 1293 3574 to

249 3595 301 3643 and
319 3603 371 3657 pra
393 3610 421 3642 ea
443 3611 472 3643 ac
495 3595 553 3658 (Ep.
580 3595 689 3642 LXXV.
719 3594 743 3657 1)
796 3593 874 3642 beits
887 3595 1009 3656 meaning
1020 3592 1089 3641 here.
1125 3591 1176 3648 Cf,
1188 3590 1232 3640 for
1243 3593 1293 3642 this

248 3676 319 3710 seem
331 3669 360 3709 to
373 3660 406 3709 be
418 3660 501 3710 either
512 3661 577 3723 legal
591 3676 621 3708 or
634 3659 743 3708 archaic.
796 3661 925 3723 meaning,
946 3661 1029 3708 Plaut.
1048 3659 1087 3707 M.
1107 3659 1136 3706 G.
1153 3658 1220 3721 9183
1236 3659 1292 3708 Ter.

250 3726 291 3774 ef.
303 3727 426 3776 Palmer's
435 3734 499 3776 note
508 3742 542 3775 on
554 3728 636 3775 Plaut.
647 3727 743 3788 Amph.
796 3727 866 3775 And.
878 3739 909 3788 47
914 3738 943 3790 53
963 3725 1018 3775 Cic.
1031 3727 1104 3774 Fam.
1119 3737 1156 3772 ιι.
1168 3737 1207 3773 ιο.
1221 3739 1254 3789 3;
1270 3725 1290 3774 8,

248 3790 478 3857 685.—reapse:
496 3793 539 3842 tor
551 3808 578 3840 re
591 3800 662 3854 eapse
673 3812 706 3833 =
717 3808 745 3840 re
798 3805 837 3840 ιι.
849 3806 882 3858 3;
897 3805 934 3841 ιο.
947 3805 976 3840 21
990 3804 1015 3841 Α.
