2814 4330
142 314 221 380 Q.sr.
236 327 258 379 ³·
273 311 344 380 yn]
487 313 654 364 01cnno’s
680 315 854 365 narrans.
1159 317 1193 371 9⁵

139 503 248 558 cesso,
268 481 327 545 sed
351 500 452 563 saepe
476 481 542 544 iam
567 481 736 546 scribendi
761 491 869 547 totum
897 485 1071 549 consilium
1097 487 1194 550 ratio-

139 610 287 674 nemque
303 589 439 654 mutavi.
490 590 577 652 Nam
594 590 657 652 iam
675 591 805 655 duobus
830 591 929 656 lactis
954 593 1056 669 libris,
1076 594 1110 658 in
1126 596 1194 678 qui·
1222 646 1225 651 .

140 701 205 765 bus
230 697 485 763 novendialibus
511 698 550 761 iis
574 698 675 774 feriiS,
695 719 780 782 quae
804 700 941 763 fuerunt
967 702 1135 766 Tuditano
1159 714 1193 768 et

140 807 278 891 Aquilio
297 806 499 881 consulibus,
522 826 632 869 sermo
653 816 704 870 est
727 828 747 871 a
768 829 822 871 me
846 808 1023 873 institutus
1039 811 1194 877 Africani

141 917 255 1003 (paulo
279 924 358 980 ante
383 916 539 998 mortem)
566 925 600 978 et
632 915 734 992 Laeli,
764 915 856 992 Phili,
879 916 1003 995 Manili,
1023 921 1054 983 P.
1077 921 1192 996 Rutili,

142 1027 185 1110 Q.
205 1025 403 1102 Tuberonis,
423 1033 458 1089 et
478 1023 572 1087 Laeli
594 1043 804 1106 generorum,
827 1026 934 1090 Fanni
950 1037 983 1091 et
1003 1028 1193 1105 Scaevolae,

140 1156 251 1200 sermo
267 1145 379 1198 autem
402 1135 436 1197 in
461 1152 580 1197 novem
606 1143 639 1195 et
662 1133 734 1197 dies
752 1144 786 1197 et
811 1134 912 1199 libros
938 1137 1135 1202 distributus
1152 1142 1194 1203 de

140 1245 268 1326 optimo
291 1252 381 1307 statu
407 1241 554 1307 civitatis
583 1244 677 1304 etde
703 1243 830 1324 optimo
855 1244 927 1307 cive
946 1248 1039 1330 (sane
1063 1248 1194 1311 texeba-

139 1364 197 1416 tur
223 1373 308 1434 opus
336 1353 516 1427 luculente,
547 1353 788 1436 hominumque
815 1353 962 1434 dignitas
987 1354 1193 1436 aliquantum

140 1462 283 1525 orationi
300 1461 458 1543 ponderis
477 1461 674 1545 adferebat),
695 1461 718 1525 ii
740 1461 815 1525 libri
840 1483 916 1525 cum
941 1463 976 1525 in
1001 1462 1193 1528 Tusculano

140 1570 222 1634 mihi
247 1570 439 1652 legerentur
465 1570 622 1633 audiente
650 1569 818 1645 Sallustio,
838 1571 1027 1635 admonitus
1052 1592 1126 1635 sum
1151 1574 1192 1637 ab

140 1679 196 1742 illo
213 1678 320 1741 multo
338 1678 462 1741 maiore
486 1679 686 1742 auctoritate
710 1677 775 1742 illis
799 1679 841 1742 de
866 1679 966 1743 rebus
991 1680 1056 1744 dici
1082 1702 1189 1762 posse,

141 1787 170 1850 si
194 1787 266 1868 ipse
291 1785 445 1868 loquerer
470 1787 512 1850 de
537 1805 572 1850 re
598 1786 740 1868 publica,
760 1788 955 1869 praesertim
982 1809 1057 1851 cum
1083 1809 1191 1853 essem

141 1917 210 1959 non
244 1894 443 1959 Heraclides
470 1895 640 1971 Ponticus,
667 1897 726 1959 sed
752 1896 944 1971 consularis,
965 1906 998 1959 et
1019 1897 1052 1960 is
1077 1899 1133 1980 qui
1157 1899 1191 1962 in

140 2005 290 2069 maximis
308 2014 461 2068 versatus
479 2004 568 2068 inre
588 2004 720 2086 publica
739 2005 840 2068 rebus
867 2025 990 2081 essem;
1014 2027 1099 2089 quae
1123 2017 1191 2070 tam

140 2114 288 2196 antiquis
307 2113 497 2177 hominibus
517 2112 747 2188 attribuerem,
767 2132 806 2176 ea
822 2113 929 2176 visum
947 2114 986 2177 iri
1006 2115 1085 2179 ficta
1102 2136 1191 2194 esse;

140 2233 309 2286 oratorum
328 2241 517 2285 sermonem
535 2219 649 2284 inillis
675 2222 797 2285 nostris
822 2220 913 2285 libris
930 2202 1124 2304 quiessent
1150 2225 1191 2288 de

140 2332 269 2394 ratione
296 2329 429 2394 dicendi
460 2329 547 2393 belle
576 2350 596 2392 a
624 2349 678 2392 me
704 2330 896 2406 removisse,
922 2332 962 2395 ad
992 2352 1049 2396 eos
1078 2343 1190 2397 tamen

139 2438 321 2514 rettulisse,
349 2458 432 2521 quos
467 2438 539 2520 ipse
566 2437 746 2515 vidissem3
784 2437 1004 2503 Aristotelem
1037 2441 1188 2524 denique,

139 2569 224 2631 quae
249 2549 290 2611 de
314 2567 349 2611 re
375 2547 506 2629 publica
541 2555 575 2610 et
607 2547 793 2629 praestanti
818 2547 888 2611 viro
922 2549 1054 2624 scribat,
1082 2550 1190 2632 ipsum

138 2657 239 2740 loqui.
289 2656 475 2742 Commovit
494 2675 557 2732 me,
577 2665 612 2719 et
636 2675 676 2718 eo
700 2655 808 2738 magis
828 2657 916 2738 quod
940 2657 1102 2721 maximos
1126 2680 1224 2723 m0-2

138 2775 194 2829 tus
210 2775 346 2829 nostrae
363 2765 504 2828 civitatis
524 2764 691 2846 attingere
709 2785 777 2827 non
804 2775 964 2846 poteram,
985 2767 1073 2848 quod
1098 2778 1192 2831 erant

137 2875 312 2938 inferiores
338 2894 436 2957 quam
465 2872 595 2936 illorum
623 2881 715 2936 aetas
740 2874 797 2956 qui
836 2874 1066 2956 loquebantur.
1118 2877 1192 2958 Ego

137 2992 251 3047 autem
274 2983 305 3046 id
328 2982 436 3065 ipsum
462 2991 535 3045 tum
562 3002 651 3045 eram
677 2991 824 3056 secutus,
845 3002 887 3045 ne
915 2983 948 3045 in
972 2993 1087 3050 :rostra
1111 2993 1192 3048 tem-

137 3161 166 3209 ἐκ
195 3160 276 3208 horo's
304 3176 361 3209 esse.
374 3188 408 3197 -
425 3160 571 3210 Tuditano
609 3167 638 3211 et
696 3159 845 3218 addressed‚
866 3157 918 3208 and
940 3159 999 3207 who
1019 3160 1113 3209 relates
1137 3160 1193 3210 Cic·

137 3225 254 3290 Aquilio
272 3226 451 3277 consulibus:
469 3228 507 3276 εἰ.
524 3239 635 3291 129a.c.
696 3227 763 3277 ero's
784 3226 873 3276 dream
893 3226 919 3274 in
938 3227 969 3274 de
986 3227 1049 3275 Div.
1070 3240 1090 3274 r.
1114 3239 1193 3293 59.-
1287 3257 1290 3262 >

136 3306 271 3342 -serrno
290 3300 343 3351 est,
357 3301 418 3342 etc:
438 3293 471 3343 cf.
489 3295 540 3343 Ate.
557 3309 580 3356 4.
600 3293 636 3344 16.
695 3294 868 3344 consularis:
885 3291 938 3342 and
954 3292 1083 3342 therefore
1101 3309 1117 3342 a
1131 3309 1190 3343 man

137 3359 308 3420 alwrittenin
318 3360 415 3424 Julyof
428 3361 480 3410 this
492 3361 637 3427 yearl-in
696 3361 725 3408 of
743 3360 820 3410 much
840 3360 994 3424 experience
1009 3360 1035 3408 in
1053 3361 1192 3424 managing

136 3440 242 3475 novem
259 3462 266 3476 .
285 3462 292 3476 .
312 3462 320 3476 .
337 3427 445 3478 libros:
465 3428 509 3477 the
527 3425 637 3477 finished
695 3427 740 3476 the
763 3427 850 3477 affairs
876 3427 906 3476 of
928 3443 944 3476 a
967 3435 1039 3490 great
1061 3442 1192 3476 common·

135 3493 207 3542 work
226 3495 340 3560 actually
362 3494 502 3544 contained
527 3494 573 3544 but
597 3494 638 3543 six
693 3495 795 3552 wealth,
813 3493 865 3543 and
883 3502 930 3544 not
951 3511 967 3544 a
986 3510 1054 3544 mere
1070 3494 1191 3558 publicist

134 3559 222 3611 books
241 3561 283 3622 (cf.
303 3563 334 3611 de
354 3563 417 3611 Diu.
436 3575 458 3610 2.
476 3561 511 3626 3).
547 3561 638 3610 About
693 3561 745 3610 like
761 3561 1008 3611 Heraclides-de
1027 3562 1135 3611 ratione
1148 3562 1192 3611 di·

135 3628 265 3678 one-third
277 3628 306 3678 of
318 3629 338 3677 it
351 3629 373 3678 is
392 3635 490 3678 extant.
501 3657 534 3666 -
543 3629 638 3677 homi·
693 3628 791 3677 cendi:
808 3628 853 3677 the
868 3630 899 3677 de
913 3629 1026 3687 Oratore,
1040 3629 1122 3677 which
1134 3645 1191 3692 pur·

134 3711 215 3747 num:
235 3697 272 3744 ἐι.
289 3695 437 3752 Africanus,
456 3695 568 3753 Laelius,
584 3694 635 3744 and
690 3703 764 3757 ports
777 3703 805 3743 to
817 3695 849 3743 be
862 3711 877 3744 a
890 3693 1036 3744 discussion
1055 3696 1110 3744 that
1125 3695 1190 3744 took

135 3763 179 3812 the
191 3763 288 3812 others.
300 3761 481 3813 -Sallustio
491 3778 497 3809 :
509 3761 637 3826 probably
690 3762 763 3824 place
775 3760 801 3809 in
814 3761 928 3810 Cicero's
941 3762 1023 3826 youth
1037 3760 1098 3825 (nc.
1111 3763 1163 3825 91).

135 3829 179 3880 the
195 3845 258 3878 man
276 3836 304 3878 to
325 3828 411 3877 whom
431 3829 503 3877 Fam.
526 3828 636 3890 2.17is
725 3842 748 3875 a.
777 3828 935 3884 interiores,
959 3843 1028 3876 more
1056 3836 1191 3878 recma·—
