2780 4332
120 303 207 351 Fam.
224 315 261 352 10.
275 300 328 366 24]
473 299 640 349 CICERO’S
665 301 840 350 LETTERS.
1136 303 1185 357 287

123 470 188 533 De
220 468 365 533 militurn
395 468 578 533 commodis
601 467 667 532 luit
693 467 755 532 tibi
775 488 890 546 curae;
918 489 1003 551 quos
1026 489 1089 552 ego
1114 492 1181 535 non
1202 500 1215 536 2

122 577 309 662 potentiae
331 597 425 641 meae
447 597 601 641 causa—
614 576 697 639 nihil
718 576 816 641 enim.
830 597 883 642 me
903 597 971 642 non
994 577 1185 644 salutariter

124 687 285 771 cogitare
303 687 373 751 scio
384 726 429 734 -
442 685 551 750 ornari
567 684 657 749 volui
673 706 693 749 a
709 695 838 762 senatu,
858 687 917 752 sed
934 687 1078 772 primurn
1095 690 1183 773 quod

124 797 182 860 ita
216 796 353 860 meritos
387 795 582 870 iudicabam,
609 793 731 858 deinde
763 796 852 878 quod
877 797 918 860 ad
943 797 1052 862 omnis
1085 819 1183 864 casus

126 905 386 971 coniunctiores
419 903 467 966 rei
498 924 529 984 p.
565 923 640 967 esse
670 903 833 980 volebam,
868 906 1048 970 novissime
1080 918 1118 970 ut
1141 910 1183 972 ab

128 1014 228 1078 omni
245 1013 396 1077 omnium
414 1011 650 1076 sollicitatione
661 1032 796 1077 aversos
817 1033 874 1078 eos
892 1015 968 1078 talis
978 1015 1074 1079 vobis
1091 1037 1183 1098 prae-

131 1133 227 1187 stare
258 1141 391 1206 possem
418 1121 533 1204 quales
557 1121 666 1186 adhuc
699 1121 847 1187 fuerunt.
898 1123 970 1187 Nos
995 1124 1104 1189 adhuc
1128 1125 1216 1196 hies

131 1231 250 1296 omnia
275 1230 406 1313 integra
430 1229 668 1306 sustinuimus;
701 1230 791 1312 quod
820 1231 994 1295 consilium
1019 1245 1180 1310 nostrum,

132 1340 202 1404 etsi
225 1347 351 1423 quanta
375 1339 419 1402 sit
444 1338 585 1402 aviditas
606 1338 778 1402 hominurn
797 1360 864 1402 non
887 1340 960 1404 sine
980 1362 1079 1405 causa
1098 1343 1183 1426 capi-

132 1448 213 1513 talis
238 1448 397 1512 victoriae
423 1447 501 1523 sci0,
528 1455 641 1510 tamen
666 1447 760 1511 vobis
789 1449 921 1531 probari
947 1469 1052 1532 spero.
1105 1452 1182 1515 Non

132 1557 237 1632 enirn,
269 1556 297 1619 si
321 1556 401 1640 quid
428 1556 461 1619 in
485 1556 536 1619 his
566 1556 768 1620 exercitibus
796 1557 840 1620 sit
865 1559 1042 1634 offensum,
1062 1581 1183 1644 magna

132 1665 287 1731 subsidia
310 1684 364 1728 res
382 1686 412 1747 p.
431 1665 532 1728 habet
550 1665 705 1747 expedita
721 1665 843 1748 quibus
864 1668 976 1730 subito
1000 1668 1127 1751 impetu
1144 1691 1182 1735 ac

132 1774 313 1839 latrocinio
339 1769 576 1856 parricidarum
602 1768 748 1838 resistat.
785 1774 921 1857 ¹Copias
946 1797 1025 1840 vero
1050 1788 1182 1842 nostras

133 1893 236 1947 notas
253 1883 314 1946 tibi
332 1903 407 1946 esse
430 1881 581 1946 arbitror.
632 1883 672 1945 In
698 1883 817 1947 castris
835 1884 917 1947 meis
933 1884 1084 1967 legiones
1102 1897 1181 1951 sunt

132 2003 316 2055 veteranae
331 1999 410 2065 tres,
429 1990 586 2066 tironum,
606 1991 659 2054 vel
675 1991 941 2056 luculentissima
958 2013 998 2056 ex
1015 1995 1179 2072 omnibus,

134 2121 217 2178 una;
247 2100 282 2162 in
311 2099 430 2164 castris
457 2099 553 2162 Bruti
577 2085 644 2162 una
659 2109 818 2163 veterana
839 2100 937 2183 legio,
956 2103 1061 2166 altera
1081 2103 1180 2180 bima,

134 2219 214 2274 octo
246 2208 403 2272 tironum.
454 2208 506 2271 Ita
538 2208 713 2271 universus
746 2209 911 2273 exercitus
945 2229 1084 2275 numero
1117 2234 1182 2276 arn-

171 2365 194 2399 2.
213 2351 312 2399 de...
330 2349 512 2399 commodis:
538 2364 554 2398 a
572 2364 641 2398 com-
683 2349 804 2413 Append.
815 2351 1006 2401 —hominum
1021 2387 1027 2400 .
1042 2387 1048 2401 .
1063 2388 1070 2401 .
1089 2354 1182 2404 victo-

136 2418 246 2468 mission
264 2416 354 2465 often
374 2432 425 2466 was
443 2415 586 2480 appointed
606 2415 641 2481 by
683 2416 760 2465 riae:
778 2432 793 2465 a
816 2417 960 2481 subjective
978 2418 1031 2468 and
1045 2435 1078 2468 an
1097 2421 1182 2485 objec-

136 2486 182 2535 the
199 2492 290 2534 senate
304 2492 332 2533 to
345 2483 432 2533 divide
449 2483 526 2533 lands
543 2499 641 2547 among
683 2483 736 2532 tive
748 2485 860 2546 genitive
876 2484 1025 2549 depending
1037 2503 1107 2550 upon
1121 2489 1182 2537 avi-

134 2553 181 2601 the
196 2559 316 2601 veterans
328 2551 357 2600 of
371 2553 403 2599 D.
418 2553 514 2601 Brutus
526 2551 578 2599 and
592 2552 640 2600 Oc·
683 2551 943 2615 ditas—impetu:
974 2555 1123 2621 commonly
1146 2572 1181 2605 re-

134 2619 223 2668 tavius
243 2619 286 2680 (cl.
298 2621 372 2667 Fam.
394 2633 431 2667 11.
450 2632 489 2666 21.
503 2632 525 2675 2,
541 2618 574 2683 5),
587 2618 639 2667 and
682 2618 780 2683 garded
803 2634 832 2666 as
856 2634 871 2666 a
894 2618 989 2669 dative.
1038 2622 1090 2670 For
1115 2621 1180 2672 such

134 2684 263 2751 probably
286 2686 331 2734 the
357 2693 447 2748 troops
471 2685 499 2733 ol
529 2685 639 2734 Plancus
682 2693 799 2734 contract
816 2686 907 2742 forms,
920 2687 952 2735 cl.
966 2689 1049 2745 Neue,
1062 2691 1182 2739 Formen-

135 2768 203 2802 were
232 2753 355 2817 similarly
383 2751 499 2801 lavored.
546 2752 638 2800 Cicero
681 2754 752 2801 lehre
769 2754 792 2800 d.
811 2755 855 2800 lat.
874 2755 987 2816 Spraclrc
1009 2754 1046 2803 1².
1059 2771 1102 2820 pp.
1115 2757 1181 2822 356-

135 2818 445 2937 :lffi‘lrsltttl
458 2818 507 2934 ‘li
520 2833 639 2935 effi?
682 2820 998 2936 ilitaillllidliul?
1012 2839 1035 2937 ‘a
1048 2823 1125 2940 ¹¹le
1146 2824 1181 2940 ll

135 2954 203 3003 sion.
239 2955 281 3002 On
297 2953 342 3012 de,
355 2953 388 3001 cl.
405 2953 467 3001 Intr.
481 2966 509 3016 9¹
525 2953 576 3001 and
590 2954 637 3015 Ep.
681 2955 755 3001 Fam.
771 2966 807 3001 10.
823 2968 835 3001 2
840 2968 861 3017 3.
877 2966 889 3018 5
903 2953 932 3002 ol
949 2955 993 3004 the
1009 2955 1140 3007 followers
1152 2959 1181 3007 of

136 3021 195 3070 XC.
210 3019 471 3069 8n.-novissime
487 3037 492 3066 ι
511 3019 543 3068 cf.
557 3023 639 3068 novis·
682 3023 797 3084 Antony.
835 3021 858 3068 lt
875 3020 897 3069 is
915 3021 960 3070 the
979 3023 1078 3086 epithet
1096 3025 1180 3074 which

134 3090 209 3144 sima,
223 3089 271 3149 Ep.
285 3087 440 3136 LXXXVI.
454 3101 468 3150 3
482 3102 507 3134 n.
520 3086 639 3136 —omni
682 3090 790 3152 Antony
802 3087 906 3150 applied
918 3089 978 3137 with
992 3091 1089 3152 special
1105 3091 1180 3141 fond·

135 3155 285 3204 omnium:
305 3154 348 3203 the
361 3151 484 3203 socalled
489 3153 580 3217 figura
592 3161 640 3217 ety-
682 3169 742 3202 ness
766 3163 794 3202 to
818 3155 937 3204 Caesar's
961 3157 1097 3206 assassins.
1137 3159 1178 3208 cf.

136 3220 304 3284 molegicaot
314 3221 398 3270 which
411 3220 500 3269 oneof
512 3220 557 3269 the
569 3228 639 3270 most
683 3221 797 3270 Cicero's
818 3221 902 3270 words
921 3230 949 3271 to
968 3224 1075 3273 Cassius
1095 3227 1179 3290 (Fam.

134 3288 247 3352 striking
270 3303 344 3338 cases
369 3287 392 3336 is
416 3294 518 3350 optumo
540 3295 640 3350 optume
685 3302 721 3336 12.
735 3302 757 3352 3.
774 3288 946 3352 rlzprimum
963 3292 992 3339 in
1004 3297 1089 3341 statua
1101 3309 1178 3356 quam

134 3363 265 3418 optumam
272 3364 373 3418 operam
380 3356 434 3413 das,
442 3356 525 3404 Plaut.
543 3356 638 3418 Amph.
676 3358 765 3418 posuit
775 3357 804 3403 in
813 3357 904 3405 rostris
913 3358 1045 3420 inscripsit
1055 3371 1179 3408 annuum

136 3422 196 3485 2783
211 3423 244 3472 cf.
257 3423 314 3472 also
326 3423 449 3471 occidione
460 3424 576 3480 occisum,
591 3423 638 3485 Ep.
682 3435 791 3471 οΡΤιΜΕ
827 3435 937 3472 Maturo
966 3431 996 3473 ut
1026 3441 1078 3473 non
1107 3430 1180 3476 modo

136 3490 267 3539 XXXIV.
285 3503 299 3552 7
318 3505 343 3538 n.
385 3488 586 3538 Combinations
611 3488 640 3537 of
681 3491 886 3538 sicariisediom
900 3493 975 3540 etiam
984 3494 1180 3554 parricidaciu-

135 3557 241 3607 various
254 3557 336 3606 forms
348 3557 377 3606 of
389 3559 472 3604 omm's
484 3571 528 3605 are
541 3556 638 3619 special
681 3558 806 3605 dicemini.
843 3557 884 3605 Cf.
897 3559 954 3606 also
968 3559 1024 3607 Val.
1037 3560 1106 3608 Max.
1122 3561 1145 3610 6.
1155 3577 1178 3622 4.

134 3624 268 3673 lavorites.
683 3637 696 3689 5
714 3625 751 3672 M.
765 3625 866 3672 Brutus
885 3641 992 3673 suorum
1001 3628 1080 3688 prius
1099 3630 1179 3677 virtu·

169 3705 192 3756 3.
212 3698 319 3755 quanta
332 3692 370 3740 sit
384 3725 390 3739 .
405 3725 411 3738 .
426 3725 432 3738 .
446 3691 515 3750 scio,
532 3691 552 3738 I
563 3690 637 3739 know
678 3698 733 3738 tum
752 3707 830 3755 quam
845 3693 949 3753 patriae
961 3697 1080 3754 parentis
1091 3698 1180 3756 parri-

136 3759 193 3808 how
200 3766 276 3822 great
285 3775 320 3807 an
335 3774 464 3821 cogcrmss
478 3759 566 3820 pcoplc
581 3758 638 3822 scel
677 3759 743 3806 cc'cia.
779 3758 835 3806 The
848 3774 920 3806 same
932 3759 1030 3821 epithet
1042 3761 1064 3810 is
1076 3762 1180 3825 applied

134 3826 185 3891 sor
200 3842 216 3874 a
234 3827 339 3874 decisivo
362 3827 465 3888 victory.
502 3825 551 3874 See
571 3824 634 3873 Crit.
679 3823 713 3889 by
726 3824 825 3873 Sallust
837 3833 864 3873 to
877 3825 1013 3876 Catiline’s
1026 3829 1179 3890 associates;
