2814 4328
222 278 272 328 202
562 274 730 325 CICERO'S
755 275 930 324 LETTERS.
946 300 952 309 =
1113 274 1176 339 [Ep.
1190 277 1282 325 LXV.

223 444 291 526 tur)
305 463 404 526 quam
421 444 463 507 ab
480 443 522 508 iis
538 443 596 526 qui
612 444 698 507 duce
714 443 875 525 Pompeio
891 442 971 506 freti
987 452 1278 527 peropportunam

224 560 258 613 et
287 551 388 615 rebus
417 551 611 616 domesticis
640 561 675 615 et
704 551 946 633 cupiditatibus
976 551 1045 614 suis
1074 551 1165 614 illius
1195 552 1279 616 belli

223 659 397 723 victoriam
423 659 496 722 fore
522 660 696 742 putabant.
751 658 956 741 Susceptum
981 657 1108 722 bellum
1133 670 1188 723 est
1206 661 1279 742 qui·

224 776 361 830 escente
384 787 448 843 me,
474 767 650 851 depulsum
676 786 717 830 ex
749 767 848 830 Italia
880 776 1040 830 manente
1071 787 1135 842 me,
1163 771 1277 850 quoad

223 875 327 957 potui,
342 875 401 938 sed
413 875 517 938 valuit
534 876 626 958 apud
639 894 694 938 me
710 875 786 958 plus
803 875 909 957 pudor
926 895 1020 938 meus
1038 896 1137 958 quam
1155 876 1275 955 timor;

223 983 350 1046 veritus
375 1004 448 1046 sum
474 983 595 1047 deesse
620 982 756 1065 Pompei
781 982 891 1064 saluti,
910 1003 987 1046 cum
1012 982 1067 1046 ille
1091 983 1276 1067 aliquando

224 1111 291 1154 non
308 1091 473 1155 defuisset
490 1112 595 1156 meae.
646 1091 765 1175 Itaque
781 1091 835 1155 vel
852 1091 962 1154 officio
978 1092 1032 1154 vel
1055 1091 1146 1155 fama
1170 1093 1277 1157 bono-

223 1219 296 1263 rum
321 1199 374 1263 vel
398 1200 526 1282 pudore
548 1201 669 1274 victus,
696 1210 733 1263 ut
759 1200 793 1263 in
816 1199 941 1263 fabulis
966 1199 1205 1282 Amphiaraus,
1226 1202 1276 1266 sic

224 1327 286 1391 ego
305 1309 471 1390 ‘pmdens
488 1317 522 1372 et
539 1309 650 1372 sciens
668 1309 709 1371 ad
727 1318 858 1390 pestem
875 1317 955 1371 ante
972 1307 1086 1372 oculos
1103 1308 1274 1391 positam'

223 1436 297 1480 sum
315 1416 512 1498 profectus;
536 1436 602 1500 quo
620 1416 653 1478 in
678 1415 767 1480 bello
792 1415 875 1479 nihil
900 1416 1032 1480 adversi
1055 1416 1178 1480 accidit
1203 1438 1275 1482 non

189 1545 203 1594 7
223 1524 437 1606 praedicente
453 1545 517 1589 me.
568 1524 681 1607 Quare
697 1526 865 1607 quoniam,
885 1534 922 1588 ut
947 1544 1091 1607 augures
1112 1534 1146 1587 et
1167 1535 1275 1590 astro

222 1631 290 1715 logi
307 1631 427 1708 solent,
447 1653 510 1715 ego
528 1653 661 1717 quoque
678 1654 785 1717 augur
801 1633 954 1715 publicus
972 1653 1013 1696 ex
1035 1633 1119 1696 meis
1145 1635 1275 1716 superi-

223 1741 336 1805 oribus
354 1741 531 1823 praedictis
549 1742 712 1806 constitui
728 1742 816 1824 apud
833 1751 868 1804 te
889 1742 1126 1805 auctoritatem
1149 1744 1273 1825 auguri

223 1858 256 1913 et
273 1849 488 1914 divinationis
505 1870 609 1926 meae,
628 1851 764 1915 debebit
787 1851 911 1914 habere
927 1850 1028 1913 fidem
1046 1860 1162 1913 nostra
1178 1872 1273 1933 prae-

222 1958 335 2022 dictio.
385 1958 463 2022 Non
481 1958 583 2042 igitur
600 1979 640 2022 ex
655 1958 745 2022 alitis
762 1958 911 2023 involatu
933 1979 996 2023 nec
1021 1980 1041 2022 e
1064 1968 1166 2023 cantu
1191 1960 1272 2023 sini-

223 2076 293 2131 stro
310 2067 444 2142 oscinis,
462 2076 499 2130 ut
517 2067 551 2129 in
568 2075 683 2130 nostra
699 2066 875 2150 disciplina
891 2076 954 2148 est,
973 2087 1036 2132 nec
1053 2088 1094 2131 ex
1110 2067 1271 2151 tripudiis

255 2241 278 2293 6.
292 2244 387 2302 rebus,
403 2249 463 2291 etc:
482 2241 546 2291 both
559 2242 652 2292 Cicero
664 2241 717 2291 and
769 2243 902 2306 quando:
928 2244 1050 2309 Pompey,
1075 2241 1133 2292 who
1156 2243 1211 2292 had
1234 2245 1271 2294 al·

223 2309 321 2359 Caesar
339 2308 455 2358 believed
472 2309 529 2358 that
547 2325 625 2374 many
643 2312 717 2359 Pom·
769 2309 852 2359 lowed
869 2309 963 2358 Cicero
974 2318 1003 2359 to
1015 2310 1048 2359 be
1059 2308 1143 2358 exiled
1156 2310 1270 2360 without

221 2375 311 2440 peians
324 2375 403 2439 urged
422 2391 456 2424 on
475 2376 519 2425 the
532 2376 600 2425 Civil
613 2376 679 2425 War
688 2376 716 2425 in
768 2384 876 2440 protest,
889 2376 994 2426 exerted
1012 2376 1118 2426 himself
1134 2385 1161 2425 at
1173 2377 1226 2426 last
1238 2385 1269 2427 to

222 2443 266 2493 the
284 2443 353 2507 hope
370 2442 399 2491 of
419 2442 541 2507 relieving
558 2442 716 2492 themselves
768 2453 858 2492 secure
871 2442 911 2492 his
924 2444 1008 2492 recall.
1017 2471 1049 2480 —
1062 2451 1093 2493 ut
1111 2443 1141 2492 in
1159 2443 1269 2494 fabulis

221 2510 290 2559 from
299 2509 367 2559 their
375 2508 657 2574 heavyiudebtedness.
673 2510 714 2559 Cf.
769 2509 985 2573 Amphiaraus:
1015 2509 1197 2574 Amphiaraus,
1223 2511 1269 2560 the

222 2579 275 2625 Att.
291 2590 328 2624 11.
344 2575 368 2625 6.
388 2590 419 2637 ²3
437 2577 511 2625 Fam.
529 2588 552 2637 7.
571 2591 593 2641 3.
614 2591 645 2635 ²3
663 2576 716 2625 and
769 2592 832 2633 seer,
850 2576 961 2625 foresaw
979 2576 1036 2625 that
1060 2576 1092 2625 he
1116 2575 1213 2625 should
1234 2576 1268 2627 be

223 2644 298 2693 Caes.
310 2644 342 2691 B.
358 2645 386 2693 C.
401 2657 422 2707 3.
435 2657 466 2707 3²
484 2649 541 2691 erat
551 2645 631 2706 plena
648 2644 716 2692 licto
769 2641 859 2692 ruined
868 2643 894 2691 in
905 2643 950 2692 the
956 2644 1072 2706 stmggle
1082 2642 1111 2692 of
1122 2642 1168 2692 the
1179 2642 1267 2693 Seven

222 2726 281 2760 rum
294 2719 319 2760 et
333 2711 498 2772 imperiorum
511 2711 656 2772 provincia,
668 2710 716 2773 dis·
769 2710 870 2772 against
882 2709 988 2759 Thebes
1001 2709 1043 2773 (cf.
1054 2709 1180 2767 Ribbeck,
1191 2712 1267 2759 Ram.

213 2777 286 2841 ferta
302 2777 437 2841 praefectis
459 2773 534 2840 atque
551 2777 715 2834 exactoribus,
774 2778 849 2840 Trag.
862 2775 931 2839 487).
967 2776 1060 2825 Cicero
1078 2775 1206 2842 probably
1218 2776 1268 2826 has

222 2845 268 2908 qui
273 2851 378 2906 praeter
388 2845 526 2905 imperatas
536 2845 660 2907 pecunias
671 2859 716 2892 suo
768 2843 794 2891 in
807 2842 878 2891 mind
890 2858 964 2892 some
973 2842 1088 2909 tragedy,
1098 2842 1211 2906 perhaps
1221 2844 1267 2892 the

220 2911 715 2974 etiamprivatocompendiosecviebant;
770 2910 892 2974 Eriphyle
909 2909 939 2958 of
957 2911 1053 2960 Accius
1071 2909 1115 2975 (cf.
1127 2911 1185 2958 ibui.
1199 2909 1268 2971 487-

221 2978 372 3026 dictitabant
381 2979 449 3025 enine
463 2993 488 3026 se
498 2979 571 3026 domo
576 2979 716 3041 patriaque
769 2977 838 3040 497),
860 2975 979 3026 founded
1002 2991 1073 3041 upon
1099 2977 1139 3026 his
1161 2976 1268 3024 fate.-

221 3045 337 3107 expulsos
354 3045 469 3093 omnibus
486 3045 632 3093 necessariis
648 3059 717 3107 egere
769 3044 896 3108 prudens
920 3051 949 3092 et
973 3043 1087 3094 sciens:
1111 3043 1143 3092 cf.
1165 3043 1213 3106 Ep.
1236 3043 1266 3092 L.

222 3111 448 3169 rebus,uthonesta
452 3113 652 3174 praescriptione
661 3127 715 3159 rem
771 3123 823 3175 5n.
862 3109 919 3158 The'
943 3111 1037 3174 phrase
1060 3110 1186 3174 prudens
1206 3143 1213 3158 .
1233 3142 1266 3158 ..
1371 3157 1372 3176 ,

221 3179 397 3240 turpissimam
435 3185 550 3242 tegerent.
571 3207 604 3214 —
625 3178 717 3242 pudor
769 3177 895 3240 positam
918 3176 1045 3243 probably
1061 3177 1143 3226 forms
1160 3183 1220 3239 part
1237 3175 1268 3225 of

222 3258 324 3295 meus:
342 3244 375 3294 cf.
388 3246 461 3294 Fam.
474 3257 496 3306 7.
511 3259 532 3309 3.
549 3259 558 3292 r
573 3245 672 3306 pudori
682 3251 716 3292 ta·
769 3252 820 3292 two
844 3243 938 3292 iambic
962 3260 1049 3293 verses
1072 3243 1170 3308 quoted
1195 3242 1267 3292 from

221 3327 279 3360 men
291 3313 375 3360 malui
383 3312 523 3376 famaeque
538 3312 621 3360 cedere
637 3326 715 3375 quam
769 3325 841 3359 some
866 3310 947 3374 tragic
969 3318 1039 3374 poet.
1076 3309 1117 3358 Cf.
1137 3308 1265 3370 Ribbeck,
1369 3321 1370 3326 ’

220 3379 312 3427 salutis
323 3393 391 3427 meae
402 3381 527 3428 rationem
540 3379 629 3426 ducere
636 3394 648 3436 ,⁶
663 3379 716 3425 An.
774 3378 848 3439 Trag.
867 3379 941 3425 Rom.
954 3379 1031 3441 Frag.
1044 3393 1068 3441 p.
1083 3391 1095 3425 2
1100 3377 1137 3442 56.

220 3451 718 3576 iei?i..².i’‘ii‘.²'''fi⁸.igiii',iiiiii
769 3443 1191 3560 osiiniimiiiismwveileatiivileeir
1204 3478 1265 3560 ‘siti

220 3594 304 3636 causa,
315 3594 391 3642 quam
397 3579 524 3642 stenditur
533 3579 637 3626 deletam
646 3583 716 3640 puto,
770 3585 821 3624 two
828 3578 932 3635 classes,
940 3578 1013 3626 alites
1022 3579 1062 3642 (or
1064 3575 1205 3640 praepetes)
1215 3577 1265 3626 and

220 3645 265 3692 sed
278 3660 309 3692 ne
322 3646 380 3708 quis
397 3661 437 3693 me
448 3651 523 3707 putet
537 3646 717 3707 ingratumjn
769 3645 864 3692 oscines
871 3659 883 3702 ,·
902 3643 946 3692 the
957 3644 1036 3692 latter
1048 3659 1113 3706 gave
1125 3659 1219 3692 omens
1232 3643 1266 3710 by

220 3724 276 3758 eum
298 3711 345 3773 qui
363 3725 403 3758 me
422 3711 516 3759 levavit
535 3711 569 3757 iis
585 3711 718 3758 incomma
769 3709 879 3773 singiug,
893 3709 937 3758 the
949 3710 1047 3759 former
1061 3709 1094 3775 by
1107 3710 1174 3759 their
1191 3710 1265 3774 fligbt

221 3775 262 3824 dis
283 3776 375 3838 quibus
403 3775 468 3824 idem
493 3775 718 3838 afficeret-ali-
769 3775 820 3824 and
833 3774 878 3824 the
891 3777 991 3824 motion
1003 3775 1033 3824 of
1050 3777 1118 3826 their
1128 3777 1264 3840 wings3ef.
