2834 4326
161 308 213 357 Aa
226 320 251 372 3.
265 305 316 372 η]
502 306 669 357 c1caxos
694 307 868 357 narrans.
1177 307 1208 360 ss

160 493 361 558 quamquam
377 473 516 537 ferenda
533 493 599 538 non
618 483 707 550 sunt,
724 473 882 539 ieramus.
924 473 1040 558 Atque
1058 496 1131 558 ego,
1152 478 1208 559 qui

161 591 196 646 te
212 581 383 657 confirmo,
403 582 476 665 ipse
492 603 545 646 me
562 603 629 646 non
646 603 794 665 possum.
845 583 999 647 Clodium
1022 583 1209 648 Philhetae-
1227 592 1243 640 6

161 710 235 755 rum
251 691 339 774 quod
356 690 548 753 valetudine
570 691 740 755 oculorum
765 691 1018 774 impediebatur,
1036 692 1207 757 hominem

160 798 303 874 fidelem,
329 797 451 863 remisi.
503 798 682 863 Sallustius
710 799 819 863 officio
844 783 948 864 vincit
974 820 1100 882 omnes.
1152 802 1207 864 Pe-

161 906 318 971 scennius
343 915 394 969 est
419 907 663 988 perbenevolus
690 908 797 982 nobis,
825 928 924 990 quem
951 928 1085 991 semper
1109 929 1207 992 spero

161 1015 212 1079 tui
226 1014 300 1078 iore
316 1016 560 1079 observantem.
605 1015 682 1080 Sica
698 1016 826 1079 dixerat
845 1036 881 1079 se
899 1037 1029 1080 mecum
1050 1016 1138 1098 fore,
1148 1018 1207 1080 sed

162 1122 342 1187 Brundisio
358 1123 523 1188 discessit.
575 1123 672 1199 Cura,
692 1125 780 1208 quod
798 1134 905 1207 potes,
924 1135 961 1188 ut
978 1125 1090 1188 valeas
1107 1135 1140 1188 et
1159 1125 1207 1190 sic

161 1233 343 1310 existimes,
361 1253 415 1297 me
432 1232 665 1296 vehementius
683 1242 742 1296 tua
763 1232 898 1296 miseria
914 1254 1013 1316 quam
1031 1254 1108 1305 mea¹
1121 1253 1208 1297 com-

161 1342 296 1406 moveri.
346 1343 424 1405 Mea
447 1340 615 1416 Terentia,
642 1341 803 1404 fidissima
831 1351 931 1424 atque
963 1341 1090 1423 optima
1115 1362 1206 1417 uxor,

161 1460 195 1515 et
216 1470 290 1515 mea
312 1449 483 1515 carissima
503 1448 604 1512 filiola
625 1458 659 1512 et
682 1469 759 1532 spes
784 1449 911 1532 reliqua
934 1458 1058 1524 nostra,
1078 1448 1206 1525 Cicero,

161 1559 280 1625 valete.
331 1559 382 1622 Pr.
401 1559 445 1622 K.
466 1557 545 1622 Mai.
595 1557 784 1622 Brundisio.

518 1793 599 1858 xn.
636 1794 720 1880 (Aa.
739 1810 768 1874 3.
792 1795 856 1873 12.)

484 1951 623 2002 CICERO
647 1951 788 2001 ATTICO
812 1952 889 2001 sal.

209 2091 261 2155 Tu
278 2088 413 2173 quidem
431 2085 547 2150 sedulo
564 2085 808 2169 argumentaris
825 2087 904 2168 quid
930 2087 973 2150 sit
995 2088 1205 2169 sperandum,
1229 2118 1239 2153 1

163 2208 196 2263 et
213 2197 356 2262 maxime
372 2216 431 2279 per
447 2204 612 2270 senatum,
631 2194 786 2276 idemque
804 2204 903 2276 caput
930 2195 1112 2277 rogationis
1138 2215 1209 2278 pro-

162 2307 241 2390 poni
267 2305 396 2381 scribis,
422 2313 524 2386 quare
550 2303 583 2364 in
608 2312 729 2366 senatu
752 2302 817 2366 dici
843 2302 926 2365 nihil
950 2303 1064 2380 liceat;
1097 2304 1209 2387 itaque

163 2414 290 2480 siletur.
330 2413 397 2477 Hic
414 2423 452 2476 tu
468 2432 522 2475 me
539 2431 678 2477 accusas
693 2410 784 2494 quod
800 2430 854 2472 me
871 2410 1049 2487 adflictem‚
1069 2433 1143 2476 cum
1163 2413 1210 2477 ita

196 2556 219 2606 6.
245 2555 378 2606 clodium
433 2553 659 2612 Philhetaerum,
713 2550 795 2600 under
807 2551 852 2601 the
863 2552 1009 2615 protection
1021 2553 1050 2601 oi
1063 2553 1107 2602 the
1119 2569 1209 2619 quaes·

164 2623 329 2681 Sallustius,
355 2621 549 2670 Pescennius:
578 2618 661 2669 freed·
712 2626 754 2668 tor
767 2618 895 2667 Plancius.

162 2688 507 2753 men-perbenevolus:
537 2689 569 2738 cf.
594 2691 657 2738 Intr.
748 2699 768 2733 ι.
794 2685 905 2735 sedulo:
925 2685 1053 2752 probably
1071 2686 1140 2736 from
1164 2688 1209 2738 the

163 2757 338 2819 77.-Sice:
368 2755 400 2804 ci.
426 2755 474 2818 Ep.
499 2755 659 2820 X.—quod
712 2752 920 2801 conversational
944 2752 1108 2820 vocabulary,
1128 2755 1149 2802 if
1171 2771 1209 2804 we

162 2830 263 2887 potes:
286 2820 347 2870 with
363 2828 436 2884 porse
454 2820 499 2870 the
517 2819 660 2869 restrictive
712 2833 771 2885 may
788 2818 869 2882 judge
886 2818 955 2867 from
972 2819 1006 2869 its
1025 2818 1166 2886 frequency
1183 2823 1208 2869 in

163 2888 269 2939 relative
292 2889 362 2952 quod
379 2885 431 2936 and
450 2887 519 2951 quod
538 2889 593 2935 eius
616 2901 659 2935 are
711 2885 821 2950 comedy
833 2884 884 2934 and
896 2885 921 2933 in
935 2885 979 2934 the
992 2887 1101 2944 Letters,
1111 2887 1163 2936 and
1174 2889 1209 2938 its

163 2955 236 3005 often
248 2954 331 3004 found
340 2953 401 3002 with
415 2953 459 3002 the
476 2952 553 3002 indic.
565 2953 591 3001 in
604 2953 660 3002 Cic·
711 2951 879 3017 infrequency
891 2954 944 3015 (ag.
955 2952 1008 3001 Cic.
1022 2953 1051 3002 de
1062 2953 1122 3002 Fin.
1133 2969 1155 3019 3.
1168 2954 1208 3014 16;

162 3037 208 3072 ero
220 3021 272 3071 and
283 3021 309 3070 in
319 3022 439 3081 ¹Terence
453 3019 581 3085 (Bockel).
617 3018 659 3068 Ci.
713 3019 784 3084 Livy,
796 3033 833 3083 34.
847 3032 883 3079 14.
894 3018 920 3083 3)
929 3019 1075 3069 elsewhere.
1097 3021 1139 3070 Cf.
1149 3022 1208 3070 Ter.

163 3090 216 3138 Art.
228 3102 266 3138 ιο.
279 3102 301 3136 2.
313 3102 326 3136 2
339 3094 367 3135 tu
379 3094 472 3144 tamen,
483 3087 552 3150 quod
557 3087 658 3148 poteris,
711 3086 761 3133 Ad.
781 3097 836 3150 251,
854 3099 914 3149 413;
938 3087 1010 3134 Eun.
1029 3086 1090 3151 362;
1113 3089 1208 3138 Heaut.

163 3163 193 3204 ut
202 3155 287 3203 adhuc
291 3155 385 3217 sitisti,
398 3170 444 3202 nos
460 3155 574 3202 consiliis
589 3153 660 3201 iuva·
714 3151 775 3211 126;
796 3152 849 3201 Cic.
868 3155 921 3202 Art.
939 3167 962 3216 9.
984 3166 1021 3218 15.
1039 3152 1072 3214 6;
1093 3156 1166 3203 Fam.
1201 3192 1207 3203 .

161 3223 206 3270 bis.
232 3222 262 3270 In
276 3221 328 3270 this
339 3221 423 3278 letter,
433 3235 484 3268 one
493 3219 522 3268 oi
533 3219 578 3269 the
590 3226 660 3268 most
713 3231 744 3267 ιο
755 3231 781 3266 Α.
796 3232 817 3266 2.
855 3219 879 3266 lt
890 3219 913 3267 is
924 3219 1008 3268 found
1020 3219 1134 3269 oftenest
1146 3167 1207 3272 witli

161 3288 274 3338 familiar
296 3287 348 3337 and
378 3285 535 3336 unreserved
564 3286 590 3334 in
615 3286 660 3334 the
712 3285 834 3349 facia—
849 3293 937 3349 ceput
956 3321 962 3334 .
982 3321 989 3334 .
1008 3321 1015 3334 .
1037 3287 1150 3337 scribis:
1174 3289 1207 3338 ci.

162 3354 394 3419 correspondence,
419 3353 491 3402 there
515 3353 536 3402 is
559 3367 576 3401 a
603 3368 659 3416 pro·
711 3354 764 3400 Art.
778 3367 800 3416 3.
822 3365 859 3416 15.
877 3351 894 3401 6
909 3359 938 3400 at
959 3360 1012 3401 tute
1033 3355 1159 3415 smpsisti
1175 3357 1212 3404 ad

162 3420 283 3471 nounced
305 3420 445 3484 colloquial
468 3427 539 3477 tone,
556 3435 601 3482 eg.
623 3421 661 3467 sic
711 3434 751 3466 me
768 3419 893 3482 quoddam
913 3425 990 3480 caput
1005 3421 1067 3483 legas
1090 3421 1206 3471 Clodium

161 3494 408 3552 agam,tranractum
419 3487 605 3551 est(3)‚oppido
612 3485 658 3549 (4),
710 3485 738 3532 in
751 3487 837 3534 curiae
843 3492 914 3547 poste
921 3485 1015 3548 fixr'ssc
1027 3498 1067 3535 ΝΕ
1085 3498 1206 3537 nerum

161 3554 389 3605 andessetlicitum
398 3553 659 3619 (5).—Brundisio:
686 3613 690 3620 Ι
711 3563 788 3600 xnvs
801 3563 860 3600 n1c1
878 3563 997 3601 nicenus
1010 3552 1028 3618 (ί
1038 3552 1095 3602 that
1107 3569 1142 3602 no
1155 3570 1207 3602 mo-

161 3621 324 3672 cf.1ntr.62.
710 3619 766 3667 tion
786 3617 881 3667 should
904 3616 936 3667 be
959 3619 1073 3683 brought
1095 3620 1207 3670 iorward

196 3688 261 3738 XII.
279 3686 474 3744 Thessalonica,
493 3686 553 3752 July
573 3700 610 3747 17,
629 3685 658 3751 58
710 3685 762 3734 and
791 3700 826 3734 no
854 3685 949 3749 speech
981 3686 1056 3736 made
1065 3687 1091 3750 ³).
1104 3689 1206 3738 -hic:

162 3766 213 3805 mc.
231 3755 325 3805 Cicero
334 3752 425 3820 stayed
435 3761 462 3802 at
471 3752 659 3803 Thessalonica
711 3752 762 3800 this
785 3751 857 3800 word
880 3767 940 3817 may
961 3769 1067 3816 express
1093 3756 1207 3818 surprise

160 3821 230 3872 irem
248 3822 311 3890 May
327 3828 356 3872 to
375 3819 534 3879 November,
550 3819 581 3886 58
599 3831 657 3876 nc..
710 3818 771 3867 here
785 3833 815 3867 as
832 3818 970 3868 elsewhere
987 3819 1013 3868 in
1025 3820 1071 3870 the
1090 3822 1206 3872 Lette'rs:
