2834 4326
221 240 254 290 22
564 241 732 291 crcnno‘s
758 242 932 290 narrans.
1162 243 1226 310 [up.
1242 248 1274 296 v.

222 429 338 473 omnes
352 430 420 473 non
433 411 533 475 modo
550 409 713 486 homines,
729 431 844 474 verum
858 410 959 475 etiam
976 412 1122 493 pecudes
1140 412 1272 476 lactum

222 538 297 581 esse
332 518 449 594 sciant,
477 518 510 582 id
534 518 675 582 Talnam
708 528 742 582 et
773 519 925 583 Plautum
955 529 987 582 et
1019 519 1203 601 Spongiam
1236 531 1272 584 et

222 636 351 691 ceteras
375 626 566 690 huiusmodi
615 605 671 690 uis·
691 627 786 690 uilias
812 623 960 691 'statuere
985 633 1166 710 numquam
1193 648 1273 693 esse

186 758 202 808 Ι7
220 734 357 800 factum.
372 743 397 794 l
409 735 477 800 Sed
500 745 621 811 tamen,
642 746 677 799 ut
701 715 846 800 tedere
867 736 1001 818 publica
1018 736 1180 811 consoler,
1201 758 1271 800 non

222 843 270 908 ita
290 853 326 908 ut
352 853 529 927 sperarunt
553 844 641 920 mali,
660 854 755 908 tanto
780 845 936 927 imposito
959 845 1007 908 rei
1030 845 1183 928 publicae
1200 847 1272 908 vul-

222 972 311 1029 nere,
344 953 462 1017 alacris
495 953 640 1017 exsultat
674 953 870 1036 improbitas
903 953 937 1017 in
970 953 1118 1017 victoria.
1180 954 1272 1018 Nam

221 1061 320 1144 plane
344 1062 391 1125 ita
414 1071 627 1143 putaverunt,
646 1084 721 1127 cum
747 1062 872 1145 religio,
900 1083 975 1126 cum
1000 1062 1170 1144 pudicitia,
1190 1083 1270 1126 cum

221 1169 419 1235 iudiciorum
451 1170 543 1247 fides,
571 1192 646 1235 cum
677 1182 813 1235 senatus
843 1171 1025 1235 auctoritas
1052 1171 1269 1248 concidisset,

220 1278 293 1343 iore
321 1289 358 1343 ut
389 1289 505 1363 aperte
533 1280 653 1345 victrix
684 1280 834 1363 nequitia
865 1301 903 1344 ac
936 1280 1037 1343 libido
1070 1299 1196 1362 poenas
1225 1281 1271 1343 ab

221 1388 347 1470 optimo
364 1409 498 1472 quoque
514 1398 646 1471 peteret
671 1389 723 1452 sui
740 1389 872 1465 doloris,
892 1409 991 1472 quern
1017 1387 1270 1469 improbissimo

186 1496 340 1580 8cuique
365 1497 531 1562 inusserat
556 1498 717 1562 severitas
742 1499 937 1562 consulatus
962 1497 1037 1561 mei.
1090 1497 1181 1559 Idem
1203 1516 1269 1578 ego

221 1603 277 1669 ille
288 1644 335 1653 —
346 1627 413 1670 non
431 1606 520 1670 enim
537 1607 619 1669 mihi
636 1607 750 1670 videor
767 1606 951 1670 insolenter
967 1605 1111 1688 gloriari,
1132 1626 1207 1668 cum
1226 1607 1270 1668 de

220 1734 275 1779 me
290 1716 378 1797 apud
396 1724 429 1778 te
446 1714 563 1798 loquor
579 1716 614 1778 in
633 1736 672 1779 ea
695 1716 892 1797 praesertim
911 1715 1054 1798 epistula
1071 1735 1169 1796 quam
1189 1714 1268 1776 nolo

221 1822 293 1887 aliis
318 1823 551 1907 legi—idem,
578 1824 724 1908 inquam,
752 1845 815 1907 ego
847 1823 994 1888 recreavi
1019 1823 1172 1886 adflictos
1198 1823 1268 1885 ani-

221 1953 294 1996 mos
316 1933 489 2008 bonorum,
508 1954 779 2016 unumquemque
797 1935 1007 2007 confirmans,
1027 1931 1192 2008 excitans;
1220 1931 1268 1993 in-

222 2041 390 2106 sectandis
428 2062 507 2106 vero
547 2043 823 2125 exagitandisque
864 2041 1058 2105 nummariis
1100 2039 1265 2103 iudicibus

222 2171 354 2215 omnem
372 2151 527 2214 omnibus
545 2151 704 2215 studiosis
725 2173 762 2215 ac
786 2151 975 2215 fautoribus
1001 2150 1089 2214 illius
1107 2148 1267 2213 victoriae

221 2292 309 2354 thirty,
318 2300 366 2342 etc.
374 2307 470 2342 -non
478 2295 564 2342 modo
574 2292 717 2352 homines,

221 2373 323 2408 verum
347 2359 435 2408 etiarn
459 2360 598 2423 pecudes:
622 2375 637 2407 a
662 2375 718 2422 pro-

222 2425 318 2475 verbial
367 2427 525 2488 expression.
539 2454 572 2462 —
585 2427 716 2484 Talnam,

224 2492 368 2552 Plautum,
389 2492 440 2540 and
462 2493 632 2556 Spongiam:
657 2492 718 2540 ficti-

223 2559 292 2608 tious
301 2575 389 2608 names
397 2560 472 2621 given
482 2561 507 2607 in
515 2559 627 2608 derision
636 2560 664 2607 ol
674 2559 718 2608 the

222 2626 273 2674 low
280 2626 362 2688 origin
371 2627 400 2674 ol
409 2626 454 2674 the
462 2626 718 2689 judges.-ceteras

222 2693 389 2742 huiusmodi
408 2693 589 2758 quisquilias,
611 2694 652 2741 the
670 2701 720 2741 rest

222 2759 255 2823 os
266 2761 307 2808 tlte
319 2759 422 2822 riffraff
434 2761 465 2823 os
476 2762 534 2809 that
544 2761 589 2807 ilk.
599 2760 719 2823 -quis-

223 2825 338 2890 quilias:
363 2841 379 2874 a
398 2826 538 2890 colloquial
556 2825 634 2874 word.
678 2826 718 2874 Cf.

225 2891 334 2950 Novius,
351 2893 405 2955 Tog.
418 2891 458 2949 88,
473 2892 602 2952 Ribbeck;
615 2893 646 2942 cf.
662 2893 719 2942 also

225 2959 318 3007 Italian
330 2961 494 3024 qm'sqmgrlia.

257 3040 280 3087 7.
299 3033 419 3075 senatus
429 3027 598 3076 auctoritas:
612 3028 656 3076 the
664 3043 719 3076 sen·

224 3100 266 3142 ate
290 3091 341 3140 had
366 3093 444 3140 taken
475 3093 519 3141 the
542 3093 669 3144 initiative
693 3095 718 3142 in

224 3159 343 3222 bringing
373 3158 483 3208 Clodius
515 3168 542 3208 to
573 3160 720 3224 justice.-

224 3240 334 3290 poenas
353 3228 390 3276 ab
407 3227 518 3289 optimo
531 3242 656 3291 quoque:
676 3228 719 3276 the

224 3293 326 3342 earliest
360 3292 509 3350 indication,
545 3294 664 3357 perhaps,
694 3295 719 3341 in

225 3360 339 3409 Cicero’s
355 3360 446 3408 letters
465 3359 493 3407 ol
516 3360 556 3409 his
574 3362 720 3410 conscious·

224 3441 284 3476 ness
308 3426 365 3475 that
391 3427 436 3475 the
459 3427 617 3475 democratic
645 3437 720 3492 party

224 3508 276 3542 was
288 3493 413 3555 planning
425 3501 453 3542 to
466 3493 558 3556 punish
573 3494 649 3542 those
661 3494 719 3541 who

224 3575 290 3608 were
302 3560 461 3622 responsible
473 3560 516 3608 for
528 3560 571 3608 the
584 3561 718 3610 execution

224 3625 253 3674 ol
271 3625 314 3674 the
328 3627 496 3675 Catilinarian
509 3627 693 3689 conspirators.

257 3690 722 3755 &idemegoilletsc.whosesever·

223 3756 261 3822 ity
272 3756 325 3805 had
336 3757 412 3806 made
424 3757 469 3806 the
481 3757 580 3806 wicked
592 3758 679 3807 suffer.
688 3777 721 3795 —

769 2294 833 2342 aliis
856 2293 923 2357 legi,
944 2300 967 2342 to
987 2293 1013 2340 be
1036 2293 1100 2340 read
1124 2299 1149 2341 to
1174 2291 1265 2338 others.

770 2360 834 2408 This
846 2360 1012 2422 explanation
1026 2359 1055 2406 ol
1068 2359 1126 2422 legi
1139 2373 1167 2406 as
1179 2357 1266 2421 equiv-

770 2429 839 2475 alent
853 2436 880 2475 to
893 2428 997 2474 recitari
1007 2426 1029 2474 is
1040 2424 1157 2490 justified
1169 2425 1203 2488 hy
1217 2425 1264 2487 Ep.

771 2495 826 2541 LX.
843 2507 851 2540 1
866 2511 897 2541 ex
910 2494 941 2540 iis
958 2493 1052 2541 litteris
1063 2508 1126 2555 quas
1138 2493 1237 2539 Atticus
1249 2507 1265 2538 a

769 2567 792 2608 te
804 2561 894 2609 missas
905 2560 973 2609 milti
982 2560 1048 2622 legit,
1061 2561 1126 2622 quid
1140 2574 1225 2620 ageres
1242 2564 1267 2606 et

771 2628 813 2674 ubi
823 2643 885 2674 esses
897 2628 1005 2690 cognovi.
1036 2627 1093 2674 The
1106 2641 1150 2673 use
1163 2625 1191 2672 of
1204 2624 1265 2688 epi·

771 2695 847 2743 stula
876 2693 933 2756 (not
962 2694 1070 2754 litterae)
1101 2692 1265 2739 harmonizes

771 2761 831 2808 with
856 2761 900 2809 the
924 2760 1072 2823 expression
1092 2773 1179 2822 quam
1197 2758 1265 2806 nolo

771 2827 835 2876 aliis
847 2827 914 2890 legi,
923 2826 973 2875 and
984 2823 1150 2889 emphasizes,
1162 2825 1230 2872 what
1243 2825 1265 2873 is

771 2894 873 2942 evident
887 2896 911 2942 in
925 2895 969 2941 the
981 2894 1057 2941 letter
1068 2893 1145 2948 itself,
1155 2893 1188 2940 its
1206 2906 1266 2939 con·

771 2960 885 3009 fidential
908 2961 1053 3020 character;
1082 2960 1190 3020 epistula
1213 2974 1265 3006 was

771 3029 870 3093 usually
882 3027 986 3090 applied
1003 3031 1031 3074 to
1050 3041 1065 3074 a
1083 3024 1202 3089 personal
1220 3025 1266 3073 let-

771 3102 817 3143 ter.
829 3122 862 3130 —
874 3095 1022 3143 victoriaci
1043 3093 1097 3157 join
1117 3092 1178 3140 with
1198 3107 1267 3153 παρ-

771 3161 876 3226 ρησίαν.
884 3189 917 3197 —-
925 3175 1041 3209 ornnem
1051 3159 1205 3222 παρρησίαν
1214 3158 1266 3205 eri-

771 3228 829 3291 pui,
851 3229 871 3276 Ι
888 3230 943 3276 took
965 3229 1005 3275 ull
1022 3228 1063 3274 the
1082 3227 1146 3286 brug
1166 3231 1210 3273 out
1232 3225 1263 3287 of.

771 3295 857 3343 Greek
876 3294 960 3343 words
981 3293 1031 3341 and
1053 3292 1218 3355 expressions
1239 3291 1265 3338 in

771 3361 815 3409 the
827 3362 916 3410 letters
929 3377 971 3410 are
990 3360 1062 3408 often
1080 3358 1147 3407 from
1168 3358 1211 3406 the
1228 3357 1266 3405 lit·

771 3443 843 3492 erary
865 3428 941 3491 slang
966 3427 995 3474 of
1023 3426 1067 3475 the
1093 3424 1199 3488 period,
1223 3440 1266 3486 ag.

773 3496 836 3558 (Art.
845 3508 867 3555 7.
881 3509 901 3542 1.
912 3495 935 3559 5)
947 3495 1076 3552 trqurro,
1088 3499 1093 3520 ‘
1104 3491 1242 3552 veneering
1250 3491 1267 3550 ’;

773 3560 836 3623 (Art.
848 3575 884 3610 10.
899 3575 935 3622 17.
947 3561 970 3623 1)
985 3561 1099 3616 ἑκτένεια,
1108 3565 1114 3586 ‘
1122 3557 1205 3620 gush,'
1215 3555 1266 3604 and

771 3627 797 3675 in
810 3643 887 3692 many
899 3643 972 3676 cases
986 3627 1046 3690 play
1058 3626 1102 3674 the
1120 3639 1192 3672 same
1209 3631 1267 3686 part

771 3694 797 3741 in
821 3694 960 3756 colloquial
990 3693 1066 3741 Latin
1092 3691 1134 3754 (cf.
1159 3689 1266 3754 Tyrrell,

772 3757 806 3807 1.²
816 3775 841 3822 p.
854 3758 897 3824 67)
914 3759 971 3807 that
990 3757 1089 3806 French
1107 3755 1216 3820 phrases
1232 3755 1267 3803 do
