2834 4326
148 317 202 366 Att.
215 330 238 376 4.
253 315 286 382 1.]
493 314 659 364 CICERO’S
685 315 858 364 LETTERS.
1162 318 1195 368 59

147 484 229 548 tello
261 482 395 565 scripsit
428 483 470 546 ad
501 502 555 545 me
587 482 693 545 frater
725 493 887 564 quantum
921 495 1089 565 sperasset
1123 506 1194 567 pro-

148 593 277 657 fectum
293 612 369 655 esse
386 611 446 673 per
461 600 506 654 te.
558 591 608 652 Mi
634 591 804 672 Pomponi,
823 612 935 673 pugna
959 601 996 654 ut
1021 602 1134 656 tecum
1159 603 1193 656 et
1213 618 1227 667 3

148 722 225 766 cum
250 700 334 763 meis
359 699 440 762 mihi
464 681 563 763 liceat
588 699 708 774 vivere,
735 709 769 762 et
795 699 903 762 scribe
927 700 969 762 ad
993 720 1047 763 mc
1072 702 1192 766 omnia.

149 811 285 873 Premor
301 809 405 882 luctu,
425 807 590 870 desiderio
607 807 756 870 omnium
775 827 934 883 meorum,
952 809 1009 891 qui
1034 810 1116 872 mihi
1141 831 1194 874 me

148 919 293 982 cariores
311 937 444 998 semper
459 916 619 986 fuerunt.
657 915 753 990 Cura,
773 926 810 979 ut
827 917 948 980 valeas.

197 1028 270 1109 Ego
295 1025 393 1107 quod,
416 1032 475 1106 per
498 1024 709 1087 Thessaliam
734 1025 762 1087 si
787 1025 870 1087 irem
895 1025 929 1087 in
954 1026 1103 1108 Epirum,
1123 1048 1227 1109 per-4

148 1136 206 1198 diu
230 1133 313 1196 nihil
336 1153 426 1196 eram
443 1133 617 1196 auditurus
640 1142 673 1195 et
691 1134 779 1216 quod
804 1133 870 1196 mei
894 1134 1062 1197 studiosos
1087 1135 1194 1200 habeo

149 1243 388 1328 Dyrrachinos,
407 1243 448 1305 ad
465 1262 523 1305 eos
540 1241 679 1324 perrexi,
698 1262 774 1305 curn
792 1241 847 1304 illa
864 1243 1035 1324 superiora
1051 1243 1194 1308 Thessa-

147 1352 279 1416 lonicae
304 1352 524 1433 scripsissem.
579 1350 662 1413 Inde
687 1351 828 1414 eumad
853 1361 887 1414 te
913 1371 965 1414 me
990 1363 1191 1427 convertam,

148 1461 270 1524 faciam
295 1468 332 1522 ut
358 1440 454 1534 scias,
476 1446 581 1541 tuque
605 1460 646 1522 ad
671 1479 725 1522 me
740 1458 840 1522 velim
865 1459 976 1522 omnia
1000 1481 1097 1543 quarn
1124 1462 1194 1524 dili-

149 1568 358 1652 gentissime,
386 1567 586 1631 cuicuimodi
619 1578 708 1642 sunt,
739 1567 874 1630 scribas.
937 1569 1010 1650 Ego
1043 1569 1107 1630 iarn
1137 1579 1193 1631 aut

150 1698 219 1740 rem
238 1687 294 1740 aut
318 1697 360 1739 ne
386 1673 479 1757 'spem
497 1676 631 1758 quidem
656 1671 822 1757 exspecto
873 1676 964 1738 Data
980 1695 1015 1738 vr
1033 1676 1109 1740 Kal.
1129 1676 1195 1739 Dc-

149 1787 273 1850 cembr.
324 1784 497 1869 Dyrrachi.

460 1983 599 2068 ekxv.
632 1994 764 2079 (Atra
786 1993 828 2077 1.)

472 2151 611 2201 CICERO
634 2151 774 2200 ATTICO
799 2151 874 2200 sni.

198 2285 283 2350 Cum
308 2286 450 2368 primum
479 2287 620 2349 Romam
643 2285 720 2348 veni
745 2285 876 2368 fuitque
900 2286 955 2349 cui
979 2296 1070 2350 recte
1094 2287 1135 2350 ad
1160 2297 1194 2351 te
1215 2318 1225 2354 1

151 2395 281 2458 litteras
298 2396 421 2469 darem,
441 2394 524 2457 nihil
542 2395 634 2476 prius
651 2394 841 2457 faciendum
860 2394 941 2456 mihi
964 2395 1078 2476 putavi
1095 2417 1193 2478 quam

154 2531 175 2602 ’5.
189 2550 212 2584 2.
224 2535 259 2600 7),
270 2536 340 2584 from
357 2535 464 2598 making
480 2535 524 2584 the
537 2544 648 2584 custom·
698 2534 782 2584 found
799 2535 825 2583 in
846 2536 927 2584 Plaut.
941 2537 1034 2584 Bacch.
1053 2551 1109 2596 400.
1146 2538 1195 2587 See

152 2603 527 2734 trittttltttlttrtrh
540 2605 648 2717 titt
698 2602 1196 2730 fulta}l‘rltssltss‘t.l⁶ltl.ltt

151 2737 351 2787 reconciliation.
363 2736 645 2801 Cf.aisoEp.XlI.1n.
700 2736 754 2783 Cic.
766 2738 796 2784 de
810 2736 854 2784 Or·
869 2750 891 2800 3·
904 2750 944 2798 94·
953 2765 986 2772 —
997 2738 1148 2798 Dyrrachi:
1161 2738 1195 2786 cf.

185 2818 208 2868 3.
227 2804 267 2852 mi
286 2804 438 2866 Pomponi:
458 2803 490 2851 cf.
510 2804 557 2867 Ep.
576 2804 608 2851 X.
622 2819 647 2850 n.
704 2803 897 2860 Thessalonicae,
907 2803 954 2866 Ep.
969 2804 1032 2851 Xll.
1045 2817 1094 2867 3n.

150 2871 284 2920 -scribe
295 2872 330 2918 ad
341 2884 387 2918 me
398 2870 506 2920 omnia:
519 2878 648 2933 arequest
733 2870 791 2916 XV.
812 2870 902 2926 Rome,
918 2869 997 2932 Sept,
1013 2884 1040 2934 57
1056 2883 1104 2918 ne.
1140 2871 1196 2920 Cic·

152 2946 180 2986 to
192 2937 225 2986 be
236 2936 320 2986 found
332 2937 358 2985 in
371 2938 466 2986 almost
484 2952 560 3001 every
571 2938 648 2985 letter
699 2951 743 2984 ero
754 2935 850 2984 landed
867 2945 894 2984 at
913 2936 1076 2985 Brundisium
1090 2939 1157 3000 Aug.
1173 2951 1194 3003 5,

151 3004 180 3053 of
192 3003 243 3054 this
254 3004 353 3068 period.
389 3004 482 3053 Cicero
500 3011 561 3067 puts
576 3018 648 3052 more
701 3015 729 3066 57
756 3015 813 3061 rac,
832 3003 899 3051 after
921 3019 954 3051 an
977 3003 1088 3053 absence
1111 3005 1140 3053 of
1166 3004 1195 3053 16

151 3070 393 3120 confidenceinthe
404 3071 494 3120 letters
504 3071 532 3118 of
544 3070 648 3119 Atticus
699 3069 805 3118 months
830 3070 909 3133 (Plut.
930 3072 978 3120 Cic.
1000 3070 1050 3134 33).
1088 3071 1195 3120 He·en·

152 3138 214 3186 than
225 3138 251 3186 in
265 3138 341 3187 those
353 3137 382 3186 of
396 3136 436 3186 his
448 3137 555 3186 brother
568 3137 648 3197 Quin·
699 3135 868 3185 tered·Rome
883 3137 952 3199 Sept.
966 3152 988 3196 4,
1002 3137 1131 3186 delivered
1150 3139 1194 3187 the

151 3212 204 3266 tus;
227 3205 260 3254 cf.
279 3206 331 3253 Att.
354 3219 376 3269 3.
405 3202 441 3253 18.
463 3218 477 3252 a
504 3204 533 3264 Q.
548 3205 646 3268 frater,
701 3203 790 3251 Oratio
801 3211 861 3265 post
872 3205 988 3252 Raditum
1006 3205 1031 3252 in
1049 3205 1092 3253 the
1105 3214 1195 3254 senate

151 3273 224 3320 homo
252 3274 343 3329 mirus,
366 3273 413 3336 qui
435 3288 474 3320 mc
497 3278 549 3319 tam
573 3272 647 3318 valde
700 3269 770 3332 Sept.
797 3284 818 3334 5,
840 3269 891 3318 and
915 3271 1022 3335 directly
1045 3272 1195 3320 afterwards

150 3345 227 3396 amat,
239 3341 325 3386 omnia
340 3340 421 3388 mittit
436 3339 489 3399 spei
500 3339 587 3400 plena,
600 3353 647 3385 me·
697 3336 838 3385 addressed
851 3337 895 3386 the
907 3339 1000 3400 people
1014 3338 1057 3401 (cf.
1072 3351 1084 3402 5
1097 3338 1125 3386 of
1143 3339 1195 3388 this

150 3413 229 3462 tuens,
240 3406 482 3469 crcdo,defectionem
492 3405 578 3452 animi
583 3405 643 3459 mei;
697 3403 795 3465 letter);
816 3404 886 3467 Sept.
901 3417 914 3465 7
928 3404 961 3452 he
973 3405 1103 3467 proposed
1121 3421 1137 3453 a
1149 3405 1194 3454 bill

150 3479 207 3527 tua<
218 3479 300 3520 autem
314 3473 411 3520 litterae
422 3478 484 3520 mut
500 3473 594 3526 variae,
608 3486 647 3519 ne·
697 3469 723 3517 in
743 3470 787 3519 the
805 3478 895 3519 senate
913 3472 1017 3534 putting
1037 3472 1194 3537 Pompeyin

150 3555 198 3603 quc
220 3540 285 3587 enim
310 3555 349 3586 me
377 3539 508 3600 desperare
536 3539 576 3585 vis
604 3554 647 3585 nec
698 3537 792 3600 charge
813 3537 841 3584 of
865 3537 909 3586 the
933 3553 994 3586 corn
1018 3539 1194 3596 commission,

149 3614 239 3654 temere
255 3613 364 3668 sperare.
697 3603 750 3651 and
763 3603 829 3651 after
841 3603 885 3652 the
902 3603 1086 3668 adjoumment
1104 3607 1133 3654 of
1151 3606 1194 3655 the

182 3686 204 3731 4.
224 3672 408 3722 cuicuimodi:
423 3686 511 3734 avery
521 3685 576 3719 rare
588 3686 647 3733 gen·
697 3679 787 3718 senate
806 3669 951 3719 advocated
975 3671 1019 3720 the
1036 3671 1081 3720 bill
1104 3672 1194 3721 before

149 3739 210 3787 itive
221 3739 290 3786 form
303 3738 576 3786 forcuiuscuiusmodi.
604 3736 645 3785 Cf.
698 3736 742 3784 the
758 3738 851 3799 people
866 3737 911 3802 (6).
948 3738 972 3786 It
990 3737 1096 3787 became
1114 3756 1129 3786 a
1147 3741 1195 3787 law

149 3805 205 3854 also
214 3807 286 3855 Fam.
297 3820 319 3865 4.
328 3818 350 3865 7.
359 3820 381 3865 4,
387 3812 440 3868 pro
448 3806 517 3852 Sext.
527 3806 596 3852 Rosc.
605 3816 644 3868 95,
699 3801 769 3865 Sept.
782 3803 797 3851 8
812 3803 856 3866 (7).

149 3869 425 3936 andVerr.ii.5.107.
463 3871 486 3919 It
498 3870 521 3919 is
533 3869 645 3934 perhaps
733 3884 754 3917 1.
783 3879 870 3930 recte,
901 3872 961 3918 with
993 3873 1125 3932 rafim—
1143 3871 1194 3920 tibi
