2780 4332
128 277 244 342 Fano
260 274 311 341 ιφ]
477 272 646 324 CICERO’S
671 272 846 325 LETTERS.
1135 272 1186 328 2⁵3

129 444 236 508 modo
263 449 342 506 sunt
370 440 501 525 aliquae
525 460 629 516 meae,
659 438 774 504 laudes
806 440 848 504 ad
879 449 915 504 te
946 440 1185 506 transfuderim

130 571 237 636 quam
255 549 399 634 aliquam
417 557 545 632 partem
568 548 779 613 exhauserim
804 569 845 612 ex
868 548 946 615 tuis.
996 550 1085 614 Nam
1109 571 1186 615 cum

130 670 170 724 te
197 678 332 742 semper
359 667 492 726 tantum
525 657 698 721 dilexerim
724 665 886 741 quantum
918 667 956 722 tu
989 657 1186 743 intellegere

131 767 288 852 potuisti,
307 776 379 831 tum
397 766 450 830 his
468 766 537 830 tuis
561 765 661 831 iactis
686 765 735 830 sic
759 765 918 831 incensus
942 787 1016 831 sum
1040 776 1078 832 ut
1102 767 1186 832 nihil

133 897 295 960 umquam
323 875 358 939 in
386 895 500 939 amore
530 874 633 939 fuerit
660 874 853 952 ardentius3
884 874 968 939 nihil
999 886 1051 940 est
1084 877 1183 954 enim,

133 984 220 1049 mihi
252 984 361 1060 crede,
391 983 517 1047 virtute
548 982 738 1059 formosius,
772 982 855 1046 nihil
886 983 1068 1067 pulchrius,
1102 984 1185 1049 nihil

134 1092 324 1178 amabilius.
375 1091 517 1174 Semper
532 1091 651 1168 amavi,
670 1101 708 1156 ut
724 1091 802 1168 scis,
821 1092 869 1155 M.
887 1091 1029 1157 Brutum
1049 1103 1186 1176 propter
1205 1113 1219 1168 5

135 1202 211 1268 eius
240 1221 409 1266 summum
438 1200 623 1284 ingenium,
649 1199 868 1266 suavissimos
896 1222 1016 1277 mores,
1041 1201 1186 1286 singula-

136 1331 209 1376 rem
226 1309 429 1395 probitatem
447 1318 549 1392 atque
565 1308 806 1387 constantiam;
827 1318 941 1374 tamen
965 1310 1081 1375 Idibus
1099 1312 1186 1376 Mar-

137 1419 196 1484 tiis
212 1427 345 1483 tantum
362 1417 506 1482 accessit
522 1418 564 1482 ad
580 1427 781 1482 amorem-ut
798 1417 937 1482 mirarer
951 1417 1063 1484 locum
1079 1419 1186 1485 fuisse

135 1527 285 1613 augendi
302 1526 337 1590 in
353 1547 394 1591 eo
410 1526 500 1610 quod
524 1525 607 1589 mihi
631 1525 828 1609 iampridem
852 1527 1058 1592 cumulatum
1083 1528 1186 1593 etiam

134 1636 324 1701 videbatur.
387 1634 473 1718 Quis
502 1644 574 1699 erat
602 1634 660 1718 qui
691 1644 824 1718 putaret
856 1636 898 1699 ad
930 1656 1006 1700 eum
1038 1656 1186 1701 amorem

135 1765 240 1829 quem
257 1764 337 1827 erga
355 1752 390 1808 te
413 1740 578 1808 habebam
601 1763 703 1827 posse
727 1742 851 1826 aliquid
874 1745 1052 1808 accedere?
1099 1746 1186 1810 Tan-

136 1863 213 1918 tum
230 1852 373 1918 accessit
390 1862 427 1917 ut
444 1852 526 1930 mihi
543 1873 633 1917 nunc
650 1851 794 1935 denique
818 1873 930 1916 amare
944 1853 1068 1930 videar,
1086 1864 1188 1919 antea

136 1961 307 2028 dilexisse.
358 1962 472 2045 Quare
488 1961 569 2045 quid
586 1970 637 2026 est
654 1961 743 2045 quod
760 1955 824 2044 ego
840 1970 875 2024 te
891 1961 1006 2025 horter
1027 1972 1064 2026 ut
1081 1963 1187 2046 digni·
1204 1943 1228 2029 6⁴

137 2071 205 2136 tati
232 2079 266 2135 et
294 2069 420 2154 gloriae
448 2069 597 2134 servias?
645 2070 831 2152 Proponam
859 2069 922 2134 tibi
950 2069 1057 2135 claros
1085 2071 1184 2149 viros,
1211 2109 1213 2113 .

137 2181 231 2265 quod
255 2179 368 2245 facere
392 2178 502 2244 solent
527 2178 584 2262 qui
616 2178 818 2242 hortantur?
875 2179 1054 2243 Neminem
1079 2180 1187 2245 habeo

137 2289 315 2356 clariorem
340 2310 439 2373 quam
466 2296 501 2352 te
528 2288 637 2372 ipsum
649 2309 658 2365 ;
689 2295 725 2351 te
749 2287 881 2352 imitere
905 2297 1047 2370 oportet,
1073 2298 1186 2354 tecum

137 2398 213 2482 ipse
230 2407 354 2476 certes;
372 2418 415 2462 ne
431 2397 511 2462 licet
528 2397 662 2481 quidem
680 2396 742 2460 tibi
759 2395 822 2460 iam
840 2397 946 2461 tantis
962 2397 1062 2462 rebus
1078 2398 1186 2481 gestis

137 2519 210 2572 non¹
226 2506 277 2572 tui
294 2505 436 2571 similem
454 2526 539 2571 esse.
589 2506 689 2589 Quod
705 2526 781 2570 cum
804 2504 852 2568 ita
875 2505 929 2582 sit,
947 2505 1093 2570 hortatio
1118 2527 1186 2570 non
1204 2523 1218 2572 7

138 2625 193 2680 est
210 2615 411 2691 necessaria,
429 2613 655 2698 gratulatione
671 2613 778 2697 magis
799 2614 961 2677 utendum
986 2623 1059 2692 est;
1083 2614 1186 2680 conti-

137 2723 191 2809 git
219 2722 310 2788 enim
336 2723 407 2800 tibi,
433 2723 522 2807 quod
551 2723 640 2786 haud
668 2722 737 2786 scio
765 2742 808 2785 an
832 2720 969 2798 nemini,
995 2730 1032 2785 ut
1057 2743 1187 2787 summa

138 2832 303 2898 severitas
320 2831 619 2896 animadversionis
635 2851 703 2894 non
720 2827 819 2894 modo
844 2851 912 2894 non
936 2829 1108 2907 invidiosa,
1127 2832 1186 2895 sed

137 2941 242 3006 etiam
260 2939 429 3023 popularis
446 2949 536 3004 esset
549 2949 583 3003 et
596 2960 671 3004 cum
689 2938 786 3003 bonis
804 2939 968 3013 omnibus,
980 2947 1053 3003 tum
1072 2938 1186 3003 infimo

175 3095 197 3150 5.
230 3081 409 3146 singularem
447 3080 621 3146 probitatem
633 3097 645 3129 :¹
724 3092 747 3143 7.
766 3093 882 3131 summa
897 3078 1037 3129 severitas
1055 3079 1187 3131 animad-

139 3149 182 3209 cI„
218 3149 346 3207 however,
383 3149 446 3197 Intr.
483 3162 527 3213 ²3:
567 3148 641 3197 cuius
690 3147 852 3196 versionis:
870 3145 903 3196 cf.
917 3146 971 3195 Cic.
983 3147 1054 3195 Phil.
1069 3160 1090 3194 r.
1102 3149 1187 3213 5tolis

140 3218 258 3274 salutern,
291 3217 339 3280 Ep.
369 3215 499 3265 XXXIV.
530 3214 546 3264 6
574 3230 641 3264 n.-
690 3215 880 3263 animadversio
888 3213 949 3278 firi!
961 3214 1116 3272 Dolabellae,
1128 3229 1185 3264 curn

139 3286 238 3334 Iocum
251 3283 392 3347 augendi:
407 3281 469 3331 with
481 3281 536 3332 this.
544 3281 641 3332 intram-
690 3281 719 3329 in
729 3282 836 3331 audaces
845 3281 1185 3345 sceleratosqueseroos,tum

139 3351 217 3402 sitive
230 3365 276 3400 use
287 3350 317 3398 of
329 3349 374 3399 the
386 3347 494 3413 gerund,
506 3345 539 3398 c'f.
550 3350 602 3397 An.
616 3362 643 3410 7.·
690 3350 719 3396 r'n
754 3343 870 3411 impuros
899 3354 925 3396 et
954 3347 1067 3411 nefarios
1088 3347 1186 3405 liberos,

140 3431 180 3466 20.
200 3431 214 3466 2
235 3417 370 3480 turpitudo
388 3416 561 3479 conr'ungendi
581 3431 638 3464 curn
689 3416 799 3480 talisque
829 3415 924 3463 eversio
948 3414 1023 3463 illius
1045 3421 1188 3464 exsecratae

139 3491 260 3548 otranno,
272 3482 324 3533 and
336 3498 380 3533 see
397 3482 586 3532 Weissenborn
598 3484 640 3531 De
689 3484 821 3531 columnae
833 3488 863 3529 ut
876 3482 945 3529 milri
958 3482 1056 3530 mirum
1068 3481 1188 3530 videatur

143 3551 275 3601 Gerundr’o
301 3553 337 3600 et'
358 3551 506 3600 Gemndivo
534 3551 640 3613 linguae
689 3555 741 3597 tam
755 3549 829 3597 valde
840 3549 967 3612 reliquum
987 3555 1086 3610 tempus
1098 3549 1130 3597 ab
1141 3549 1187 3596 illo

139 3619 258 3675 Latinae,
274 3633 299 3681 p.
319 3616 384 3682 138:
402 3618 491 3666 neretri
504 3617 637 3665 verbenam
689 3631 741 3663 uno
751 3616 792 3664 die
800 3616 952 3664 dissensisse.
973 3614 1015 3663 cf.
1025 3615 1082 3664 also
1091 3613 1185 3664 Introd.

137 3686 229 3749 generi
231 3686 361 3749 gerundia
370 3684 640 3734 esseadscribenda.-
689 3681 917 3731 note—infimo
947 3681 1051 3746 cuique
1081 3681 1187 3745 gratis-

140 3765 240 3802 emnre
256 3785 264 3800 .
280 3786 287 3800 .
305 3787 312 3802 .
330 3750 485 3800 dilexisse:
506 3749 539 3799 cf.
553 3751 642 3814 diligit
691 3748 783 3798 sima:
813 3748 845 3797 cf.
870 3749 923 3796 Art.
950 3762 988 3809 14.
1014 3747 1051 3797 16.
1080 3762 1094 3796 2
1120 3749 1188 3796 nihi

141 3819 305 3878 ...ornavit
317 3818 366 3883 Ep.
379 3817 498 3867 XXXII.
513 3830 564 3884 sn
689 3817 792 3880 quidem
804 3815 906 3864 videtur
920 3815 1022 3863 Brutus
1039 3821 1122 3864 noster
1132 3815 1185 3865 e'eern
