2814 4328
240 295 291 346 228
582 293 748 345 CICERO’S
772 292 944 343 LETTERS.
1080 293 1142 359 [Ep.
1155 295 1287 343 Lxxvr

241 465 450 529 committere
467 471 503 526 ut
520 463 695 547 quisquam
711 470 747 525 te
762 470 858 544 putet
880 481 947 524 non
972 471 1041 525 tam
1065 460 1166 524 filiam
1183 482 1288 545 quarn

241 572 289 636 rei
305 571 457 656 publicae
469 580 621 654 tempora
636 580 670 634 et
682 570 821 634 aliorum
834 569 1004 634 victoriam
1020 570 1147 653 lugere.
1187 570 1289 635 Plura

241 701 295 744 me
311 682 352 745 ad
369 690 404 744 te
420 681 461 744 de
478 680 540 743 hac
558 700 593 743 re
610 679 754 744 scribere
769 679 872 761 pudet
889 699 932 742 ne
948 679 1061 742 videar
1083 679 1288 762 prudentiae

240 799 319 853 tuae
334 789 493 854 diffidere.
542 788 665 870 Quare,
685 788 713 852 si
735 788 797 852 hoc
822 808 923 851 unum
948 807 1162 871 proposuero,
1182 788 1287 852 finem

240 897 360 962 faciam
385 896 575 961 scribendi:
606 896 749 960 vidimus
780 896 977 979 aliquotiens
1003 896 1184 960 secundam
1214 896 1286 979 pul-

241 1006 404 1070 cherrime
429 1015 465 1069 te
491 1004 581 1072 ferre
608 1003 778 1068 fortunam
807 1024 1026 1087 magnamque
1053 1025 1095 1068 ex
1120 1024 1161 1067 ea
1187 1025 1225 1067 re
1251 1015 1287 1067 te

240 1114 372 1178 laudem
400 1113 527 1197 apisci;
560 1113 615 1178 fac
641 1112 818 1196 aliquando
847 1112 1080 1196 intellegamus
1108 1113 1287 1177 adversam

241 1243 373 1306 quoque
402 1232 436 1286 te
464 1241 570 1305 aeque
596 1220 686 1285 ierre
717 1241 817 1304 posse
848 1240 957 1304 neque
989 1221 1021 1284 id
1049 1221 1156 1285 maius
1183 1241 1287 1304 quam

241 1331 361 1394 debeat
383 1330 446 1395 tibi
468 1351 553 1394 onus
570 1329 684 1406 videri,
704 1349 747 1392 ne
756 1349 805 1392 -ex
824 1328 977 1394 omnibus
994 1329 1176 1393 virtutibus
1202 1330 1287 1394 haec

241 1459 308 1502 una
323 1439 385 1503 tibi
401 1439 553 1502 videatur
568 1438 697 1503 deesse.
747 1438 846 1521 Quod
863 1438 904 1501 ad
921 1458 975 1501 me
996 1438 1128 1512 attinet,
1147 1458 1228 1502 cum
1252 1448 1288 1502 te

241 1547 501 1630 tranquilliorem
526 1547 636 1609 animo
661 1566 736 1610 esse
761 1566 917 1629 cognoro,
943 1546 985 1609 de
1009 1545 1048 1610 iis
1072 1546 1175 1610 rebus
1199 1566 1287 1629 quae

241 1656 294 1720 hic
318 1665 491 1738 geruntur,
518 1655 861 1738 quemadmodumque
890 1674 927 1718 se
955 1654 1123 1738 provincia
1149 1655 1285 1731 habeat,

241 1764 418 1830 certiorem
441 1762 570 1827 faciam.
618 1763 723 1827 Vale,

550 2004 714 2069 Lxxvr.
751 2005 855 2092 (Fam.
872 2023 904 2085 4.
922 2003 969 2088 6.)

457 2180 493 2230 M.
517 2179 657 2229 CICERO
682 2180 708 2229 S.
733 2180 766 2229 D.
792 2179 868 2229 SER.
893 2178 1072 2230 SVLPICIO.

209 2340 220 2376 ι
287 2316 361 2399 Ego
377 2335 465 2390 vero,
482 2314 586 2389 Servi,
600 2313 731 2391 vellem,
745 2324 783 2378 ut
800 2313 927 2390 scribis,
946 2314 980 2377 in
997 2333 1072 2377 meo
1088 2313 1286 2396 gravissimo

241 2444 319 2488 casu
344 2423 529 2501 adfuisses3
563 2431 726 2504 quantum
755 2421 843 2485 enim
867 2441 1026 2506 praesens
1051 2441 1104 2485 me
1128 2423 1287 2486 adiuvare

240 2531 389 2614 potueris
413 2529 446 2594 et
471 2530 674 2595 consolando
699 2539 732 2593 et
757 2549 859 2614 prope
884 2550 989 2613 aeque
1014 2530 1157 2594 dolendo
1185 2531 1285 2596 facile

241 2659 338 2702 exeo
355 2638 514 2722 intellego
530 2639 619 2722 quod
635 2638 756 2703 litteris
772 2638 868 2703 lectis
885 2638 1088 2722 aliquantum
1105 2639 1260 2723 adquievi
1277 2660 1285 2716 ;

241 2812 270 2846 as
287 2813 320 2846 au
338 2796 668 2860 afterthought.-iinem
692 2797 737 2846 ia·
788 2796 817 2846 oi
840 2795 970 2861 Sulpicius
991 2812 1020 2846 as
1039 2812 1057 2845 a
1075 2797 1168 2862 lawyer
1190 2795 1244 2846 and
1265 2811 1281 2846 a

241 2863 327 2912 ciam:
340 2863 499 2912 alliterative.
535 2863 576 2912 Cf.
590 2864 664 2912 ferre
678 2864 737 2912 ior·
786 2862 862 2926 jurist
874 2879 938 2928 goes
948 2864 990 2912 far
1001 2871 1029 2913 to
1038 2864 1141 2928 explain
1150 2863 1195 2912 the
1207 2879 1281 2926 pecu·

171 2989 174 2997 ²
241 2939 351 2990 tunam,
370 2923 616 2994 belom—apisci:
644 2931 736 2979 Cicero
787 2930 892 2980 liarities
907 2931 932 2979 in
948 2931 988 2980 his
1005 2930 1071 2995 style
1088 2929 1140 2979 and
1160 2931 1279 2995 Latinity.

241 3012 301 3046 uses
317 2999 398 3060 apisci
413 2997 474 3061 only
492 2997 572 3054 twice,
591 2996 681 3046 Atra
699 3010 735 3058 14.
787 2998 845 3046 The
873 2997 965 3061 epistle
987 2997 1037 3045 will
1066 2997 1194 3046 illustrate
1223 2997 1281 3045 how

242 3062 373 3129 3and‘de
395 3065 454 3127 Leg.
478 3077 497 3111 1.
523 3076 561 3128 52.
597 3063 648 3123 ef,
669 3064 737 3113 how·
787 3065 884 3129 closely
903 3063 981 3113 allied
1003 3064 1078 3127 legal,
1097 3063 1208 3120 archaic,
1231 3062 1282 3112 and

241 3145 308 3187 ever,
347 3131 429 3179 Plaut.
470 3131 543 3178 Trin.
577 3130 642 3195 3675
677 3132 736 3179 Ter.
787 3131 927 3195 colloquial
949 3131 1024 3179 Latin
1043 3145 1097 3189 are;
1116 3131 1142 3178 in
1160 3129 1223 3188 fact,
1238 3130 1281 3179 the

242 3197 333 3245 Heaut.
346 3196 412 3261 693;
431 3198 536 3246 Phorm.
553 3197 736 3261 406.—qu0d
788 3198 952 3261 expressions
961 3197 1043 3246 which
1052 3197 1118 3246 have
1127 3196 1193 3246 been
1202 3196 1281 3246 noted

243 3263 423 3312 ...attinetz
443 3262 476 3312 cf.
497 3264 561 3312 Intr.
583 3277 737 3328 91.—pro-
788 3279 817 3313 as
836 3279 957 3312 common
978 3265 1003 3322 in
1023 3264 1162 3328 colloquial
1180 3263 1280 3326 speech,

241 3330 352 3378 vincia:
376 3331 413 3379 tle.
426 3330 534 3378 Achaia
788 3345 832 3379 are
844 3331 923 3396 really
935 3330 1002 3393 legal
1020 3331 1162 3379 archaisms
1176 3345 1206 3378 as
1220 3329 1280 3378 used

277 3396 363 3446 While
375 3396 419 3445 the
432 3396 508 3445 letter
519 3397 618 3446 reveals
631 3396 675 3446 the
684 3397 737 3446 real
788 3397 823 3462 by
835 3396 972 3461 Sulpicius.

241 3478 339 3512 sorrow
365 3463 394 3511 oi
418 3463 548 3526 Sulpicius
571 3472 598 3512 at
622 3464 737 3513 Cicero's
822 3464 949 3512 LXXVI.
986 3465 1062 3512 From
1093 3463 1138 3512 the
1167 3463 1228 3512 villa
1254 3463 1282 3511 oi

241 3530 304 3586 loss,
333 3529 367 3578 he
395 3529 471 3578 seeks
500 3537 528 3578 to
557 3530 669 3579 comfort
696 3530 736 3579 his
769 3530 900 3587 ·Atticus,
919 3539 947 3579 at
971 3530 1082 3588 Ficulea,
1098 3531 1169 3593 Apr,
1186 3543 1218 3595 45
1234 3542 1280 3578 ac.

240 3594 332 3652 friend,
352 3604 398 3645 not
416 3611 447 3645 so
466 3595 544 3644 much
565 3596 598 3661 by
617 3598 737 3659 assuring
788 3596 903 3645 Cicero's
915 3597 986 3662 reply
998 3605 1026 3645 to
1039 3598 1087 3661 Ep.
1100 3597 1211 3645 LXXV.

242 3661 296 3708 him
315 3661 345 3708 oi
363 3663 403 3710 his
423 3662 569 3727 sympathy,
589 3679 617 3711 as
635 3662 669 3728 by
687 3671 737 3712 set·
824 3677 845 3710 1.
869 3677 925 3727 ego
936 3677 1017 3713 vero:
1029 3662 1120 3727 ci.Ep.
1132 3663 1222 3712 XXX.
1237 3677 1280 3711 rn.

242 3727 298 3788 ting
310 3725 399 3775 before
411 3726 465 3775 him
477 3728 574 3776 certain
585 3728 737 3792 philosoph·
788 3729 996 3780 -adtuisses:
1026 3729 1136 3778 without
1164 3731 1223 3788 laic;
1250 3730 1279 3778 ci.

241 3790 513 3840 icalconsiderations.
549 3794 606 3841 The
624 3794 736 3858 training
789 3795 837 3858 Ep.
848 3796 958 3844 LXXV.
972 3809 982 3844 1
997 3795 1195 3846 n.-servius
1207 3803 1279 3846 tuus:
