2814 4330
186 309 189 318 ι
225 277 274 327 130
362 303 366 310 ·
562 279 730 331 ClCERO’S
743 281 929 333 LETTERS.
1066 283 1127 352 [Ep
1140 286 1273 338 XXXIV.

224 445 337 510 nescio
354 446 433 529 quid
450 447 684 530 gratulationis
698 458 731 511 et
748 449 917 514 honorisa
934 460 1054 514 senatu
1071 453 1157 516 tanti
1174 455 1276 532 aesti-

223 575 321 618 mem.
370 553 482 638 Agam
500 555 564 618 iam
587 565 700 620 tecum
722 557 940 634 familiariter,
955 569 993 622 ut
1015 569 1067 623 est
1091 570 1124 623 et
1149 563 1276 626 studiis

224 672 257 726 et
272 661 391 726 'officiis
409 663 534 726 nostris
560 664 687 728 mutuis
704 675 737 728 et
755 687 885 730 summa
909 667 1056 731 amicitia
1080 668 1220 751 dignum
1240 681 1274 735 et

223 771 472 835 necessitudine
488 771 589 835 etiam
607 781 754 854 paterna.
794 773 832 838 Si
844 774 1020 858 quisquam
1033 776 1099 839 fuit
1112 798 1274 862 umquam

223 889 371 942 remotus
395 890 427 942 et
451 889 571 952 natura
587 891 620 944 et
637 881 744 964 magis
761 882 871 958 etiam,
890 893 927 946 ut
945 883 1027 946 mihi
1047 885 1181 967 quidem
1199 907 1274 950 sen-

223 989 286 1051 tire
311 988 434 1063 videor,
463 988 593 1052 ratione
621 998 722 1072 atque
750 990 903 1054 doctrina
926 992 968 1054 ab
995 991 1085 1055 inani
1113 993 1212 1056 laude
1239 1005 1274 1058 et

223 1097 432 1160 sermonibus
460 1096 562 1180 vulgi,
592 1118 655 1180 ego
683 1098 836 1180 profecto
865 1099 893 1163 is
922 1120 1006 1164 sum.
1070 1101 1185 1164 Testis
1220 1113 1311 1166 est·
1384 1131 1385 1162 l

223 1205 417 1269 consulatus
440 1226 545 1280 meus,
565 1205 598 1267 in
615 1226 691 1289 qu0,
711 1207 798 1270 sicut
816 1207 850 1270 in
867 1207 995 1290 reliqua
1010 1207 1088 1284 vita,
1106 1209 1217 1272 fateor
1234 1231 1274 1274 ea

223 1333 276 1377 me
293 1314 444 1376 studiose
461 1323 614 1378 secutum
628 1316 803 1398 exquibus
817 1336 895 1385 vera
911 1316 1017 1398 gloria
1034 1317 1125 1380 nasci
1141 1329 1271 1399 posset,

223 1422 327 1504 ipsam
346 1422 479 1504 quidem
497 1422 636 1505 gloriam
653 1443 714 1504 per
730 1444 767 1486 se
784 1444 964 1507 numquam
982 1425 1096 1506 putavi
1113 1436 1273 1507 expeten-

222 1531 308 1594 dam.
371 1531 489 1613 Itaque
522 1540 556 1593 et
588 1531 794 1613 provinciam
826 1541 978 1596 ornatam
1012 1542 1045 1596 et
1075 1553 1167 1615 spem
1202 1556 1271 1598 non

222 1639 356 1703 dubiam
386 1639 545 1722 triumphi
575 1640 717 1720 neglexi,
748 1641 971 1704 sacerdotium
999 1641 1152 1724 denique,
1182 1663 1269 1720 cum,

223 1748 500 1830 quemadmodum
526 1757 561 1809 te
586 1748 778 1811 existimare
803 1749 955 1824 arbitror,
983 1770 1050 1812 non
1075 1749 1271 1814 difficillime

223 1857 383 1938 consequi
416 1875 560 1937 possem,
592 1876 660 1918 non
692 1857 856 1939 appetivi;
879 1857 976 1945 ‘idem
1009 1867 1085 1939 post
1115 1858 1292 1923 iniuriam

222 1973 393 2045 acceptam
411 1985 509 2047 quam
527 1972 565 2026 tu
587 1965 635 2027 rei
659 1986 691 2046 p.
710 1964 934 2029 calamitatem
956 1985 1088 2047 semper
1109 1966 1269 2047 appellas,

223 2093 330 2136 meam
348 2092 416 2134 non
439 2073 537 2134 modo
562 2093 630 2134 non
655 2073 891 2149 calamitatem,
910 2074 969 2136 sed
992 2073 1093 2137 etiam
1117 2074 1269 2156 gloriam,

223 2181 336 2244 studui
358 2201 457 2263 quam
482 2181 695 2244 ornatissima
720 2190 857 2244 senatus
881 2181 1063 2264 populique
1087 2182 1128 2246 R.
1152 2183 1195 2245 de
1216 2201 1271 2246 me

223 2289 344 2352 iudicia
368 2289 584 2352 intercedere.
637 2288 756 2371 Itaque
778 2298 811 2352 et
834 2310 941 2372 augur
957 2299 1075 2371 postea
1091 2290 1163 2352 fieri
1180 2290 1271 2355 volui

222 2398 310 2480 quod
334 2406 433 2461 antea
457 2397 678 2478 neglexeram,
699 2405 732 2460 et
757 2416 833 2460 eum
857 2397 1019 2460 honorem
1039 2397 1097 2480 qui
1114 2418 1133 2461 a
1149 2408 1271 2461 senatu

222 2506 324 2569 tribui
348 2506 448 2568 rebus
472 2505 603 2569 bellicis
627 2505 722 2580 solet,
742 2506 934 2587 neglectum
957 2525 976 2569 a
998 2525 1051 2568 me
1071 2504 1160 2580 olim,
1179 2526 1270 2570 nunc

174 2637 205 2685 14
222 2614 304 2677 mihi
327 2615 549 2695 expetendum
575 2623 668 2695 puto,
719 2613 810 2676 Huic
835 2633 930 2676 meae
953 2613 1128 2688 voluntati,
1148 2613 1181 2675 in
1205 2634 1271 2696 qua

257 2796 294 2846 13.
313 2782 431 2831 honoris
443 2795 460 2830 a
473 2789 587 2830 senatu:
602 2781 647 2830 the
659 2795 718 2830 con-

221 2849 325 2898 nection
344 2849 373 2897 of
395 2857 446 2897 two
465 2848 640 2896 substantives
658 2847 692 2913 by
703 2863 720 2896 a

221 2916 382 2979 preposition
402 2915 424 2964 is
443 2915 580 2979 especially
598 2914 719 2979 frequent

222 2983 247 3030 in
260 2984 304 3031 the
316 2997 376 3032 case
388 2982 417 3030 of
428 2999 444 3030 a
457 2999 466 3041 a
479 2981 512 3030 cf.
521 2983 544 3029 A
549 2983 719 3040 ntibarbarua

223 3051 243 3097 I.
256 3066 280 3113 p.
295 3049 333 3113 38.
370 3050 422 3098 For
439 3049 484 3097 the
502 3049 680 3097 construction
692 3048 718 3096 in

221 3117 332 3178 general,
350 3131 395 3165 see
417 3115 642 3177 Reisig-Schmalz,
661 3115 717 3162 Lat.

221 3185 283 3246 Syn.
296 3191 359 3234 note
377 3195 473 3248 5iz.—
482 3181 660 3245 provinciam
673 3195 718 3230 or-

221 3258 330 3298 natam:
341 3249 373 3298 cf.
381 3250 411 3297 de
419 3250 544 3297 ornandis
548 3249 718 3310 praetoribus,

222 3318 269 3379 Ep.
284 3317 357 3364 XVI.
373 3330 382 3363 1
398 3331 422 3362 n.
464 3314 621 3364 Macedonia
631 3314 677 3362 fell
690 3321 718 3362 to

222 3384 314 3432 Cicero
327 3383 361 3448 by
372 3383 419 3438 lot,
432 3381 483 3430 and
503 3381 635 3445 Cisalpine
650 3380 718 3430 Gaul

221 3458 249 3499 to
274 3450 303 3500 C.
323 3450 462 3498 Antonius.
498 3449 539 3496 To
563 3463 653 3497 secure
674 3448 718 3496 the

220 3524 329 3580 support
350 3515 380 3564 of
404 3515 543 3571 Antonius,
562 3515 654 3563 Cicero
676 3530 717 3563 ex·

220 3583 339 3646 changed
356 3583 493 3646 provinces
511 3581 572 3629 with
591 3582 653 3638 him,
666 3579 718 3629 and

220 3649 356 3699 afterward
367 3648 486 3698 declined
497 3648 628 3710 Cisalpine
642 3647 717 3696 Gaul.

221 3717 273 3764 For
285 3716 395 3765 another
406 3722 547 3764 statement
559 3713 588 3761 of
606 3713 646 3761 his
658 3711 719 3761 feel·

219 3781 277 3844 ings
289 3781 350 3830 with
363 3781 493 3830 reference
506 3788 534 3828 to
552 3794 568 3827 a
585 3779 717 3842 province,

771 2779 804 2830 cf.
817 2787 904 2829 contra
923 2782 1087 2837 voluntatem,
1102 2781 1149 2844 Ep.
1164 2780 1270 2829 XXIX.

773 2861 783 2894 1
796 2863 855 2896 n.-
863 2847 1067 2896 sacerdotium:
1080 2847 1125 2895 the
1135 2854 1270 2909 augurate.

773 2914 824 2962 But
846 2913 938 2962 Cicero
959 2914 1044 2962 writes
1061 2922 1089 2961 to
1112 2914 1224 2974 Atticus,
1240 2927 1271 2978 59

772 2992 838 3029 B.c.:
864 2983 894 3030 dc
914 2981 970 3028 istis
990 2981 1063 3028 rebus
1082 2987 1193 3042 exspecto
1212 2987 1271 3028 tuas

770 3048 869 3096 litteras
887 3082 932 3094 ...
949 3048 1052 3095 cuinam
1070 3053 1214 3109 auguratus
1231 3048 1271 3094 de·

769 3112 885 3178 feratur,
904 3129 953 3176 quo
975 3114 1075 3176 quidem
1100 3129 1153 3160 uno
1174 3129 1217 3175 ego
1239 3115 1271 3162 ab

770 3182 826 3228 ae'stis
838 3182 1014 3242 capipossum,
1027 3181 1080 3227 Att.
1095 3193 1116 3226 2.
1132 3191 1153 3244 5.
1167 3193 1189 3226 2.
1226 3179 1271 3228 He

770 3261 823 3314 was
840 3245 967 3295 electeda
984 3245 1100 3294 member
1117 3246 1145 3294 of
1162 3245 1207 3294 the
1219 3246 1272 3294 eol-

770 3313 827 3375 lege
840 3312 869 3361 of
886 3327 982 3374 augurs
997 3313 1022 3360 in
1043 3326 1073 3376 53
1092 3324 1141 3360 uc.
1151 3340 1184 3348 —
1194 3312 1271 3361 iniu-

771 3379 843 3428 riam
855 3395 860 3426 :
871 3394 921 3427 one
929 3378 958 3426 of
968 3379 1081 3428 Cicero's
1091 3379 1271 3442 euphemisms

771 3446 813 3493 for
824 3448 952 3494 exsz'lium.
961 3474 995 3481 —
1006 3460 1103 3494 meam
1120 3445 1272 3494 calamita·

771 3512 1271 3561 temrschisexile.-eumhonorem

771 3579 819 3642 qui
842 3613 848 3627 .
874 3614 880 3626 .
906 3613 913 3627 .
935 3579 1025 3636 solet:
1045 3579 1089 3626 the
1107 3587 1209 3626 nearest
1226 3593 1272 3642 ap-

770 3645 866 3707 proach
884 3653 911 3693 to
930 3660 946 3692 a
958 3644 1064 3694 definite
1081 3653 1222 3694 statement
1241 3645 1272 3694 of

772 3711 812 3760 his
825 3711 887 3760 wish
900 3711 943 3760 for
956 3726 971 3760 a
982 3713 1139 3774 supplicatio.
1170 3710 1240 3760 Such
1255 3727 1271 3760 a

771 3785 913 3826 statement
925 3778 959 3826 he
970 3778 1110 3842 purposely
1121 3775 1221 3826 avoids.
