2834 4326
147 335 219 385 Fam.
233 345 255 400 5·
270 331 321 400 η]
491 331 659 382 c1CERO’s
684 332 858 382 nnrrnns.
1162 331 1194 385 7⁷

147 501 237 566 illam
255 502 297 565 de
313 521 378 584 qua
395 498 592 564 suavissime
609 501 752 582 quodam
770 499 804 563 in
828 500 999 584 prooemio
1016 499 1192 583 scripsisti,

146 631 166 675 a
190 631 255 694 qua
279 619 314 673 te
338 608 429 673 flecti
454 628 521 672 non
547 608 654 692 magis
682 609 833 692 potuisse
857 611 1069 674 demonstras
1093 629 1193 694 quam

148 718 333 785 Herculem
363 717 639 800 Xenophontium
672 717 764 781 illum
796 718 1031 802 aVoluptate‚
1058 739 1141 794 eam,
1167 719 1195 783 si

146 849 200 892 me
225 827 286 892 tibi
304 826 535 891 vehementius
561 827 816 903 commendabit,
835 847 877 891 ne
902 847 1090 911 aspernere,
1108 848 1195 891 amo-

146 937 239 1020 rique
264 946 380 1008 nostro
413 935 600 1018 plusculum
629 935 728 998 etiam
753 956 851 1018 quam
884 937 1047 1001 concedet
1072 936 1194 1000 veritas

146 1038 295 1129 largiare.
348 1043 448 1134 Quod
465 1043 493 1107 si
509 1053 543 1106 te
560 1044 763 1108 adducemus
783 1054 819 1108 ut
844 1045 907 1108 hoc
931 1043 1103 1126 suscipias
1122 1044 1195 1120 erit,

146 1162 184 1218 ut
213 1153 293 1217 mihi
319 1153 513 1235 persuadeo,
539 1153 694 1216 materies
722 1153 823 1235 digna
850 1153 1010 1217 facultate
1039 1163 1073 1217 et
1102 1153 1195 1235 copia
1258 1185 1262 1195 ·

146 1271 214 1327 tua.
264 1261 298 1324 A
315 1261 474 1344 principio
492 1262 580 1325 enim
597 1263 833 1327 coniurationis
856 1281 961 1344 usque
985 1263 1027 1326 ad
1051 1263 1194 1326 reditum
1212 1295 1228 1341 4

147 1379 299 1435 nostrum
316 1370 447 1433 videtur
463 1370 543 1434 mihi
559 1371 724 1435 modicum
741 1371 905 1453 quoddam
931 1391 1051 1454 corpus
1076 1372 1195 1444 confici

146 1499 256 1563 posse,
274 1479 307 1543 in
325 1498 391 1562 quo
409 1486 442 1542 et
460 1479 514 1543 illa
530 1480 654 1561 poteris
671 1480 721 1543 uti
737 1480 879 1543 civilium
897 1480 1193 1544 commutationum

149 1588 288 1653 scientia
304 1589 358 1652 vel
373 1588 407 1652 in
425 1589 626 1678 explicandis
643 1589 751 1652 causis
773 1607 883 1651 rerum
907 1608 1067 1652 novarum
1083 1587 1136 1651 vel
1160 1589 1194 1652 in

148 1697 303 1762 remediis
327 1697 621 1774 incommodorum,
639 1718 714 1761 cum
740 1706 773 1760 et
798 1697 1023 1779 reprehendes
1047 1717 1086 1760 ea
1110 1717 1195 1780 quae

35 1861 41 1869 .
147 1807 367 1890 vituperanda
382 1807 494 1883 duces,
514 1815 548 1870 et
565 1826 651 1889 quae
665 1806 845 1898 placebunt
871 1806 1074 1888 exponendis
1099 1806 1194 1869 ratio-

147 1916 246 1981 nibus
263 1915 501 1999 comprobabis,
521 1924 554 1978 et
572 1914 600 1978 si
617 1914 761 1990 liberius
780 1923 815 1977 ut
834 1914 1012 1989 consuesti,
1027 1915 1193 1997 agendum

146 2024 289 2109 putabis,
315 2024 495 2088 multorum
523 2024 556 2088 in
590 2043 651 2087 nos
679 2022 849 2105 perfidiam
875 2021 1008 2086 insidias
1040 2023 1194 2105 proditio-

151 2153 225 2197 nem
254 2134 394 2198 notabis.
454 2131 597 2196 Multam
623 2132 722 2195 etiam
747 2152 843 2195 casus
869 2131 975 2194 nostri
998 2131 1193 2195 varietatem

150 2241 208 2306 ribi
223 2241 257 2306 in
274 2241 451 2306 scribendo
469 2240 727 2325 suppeditabunt
745 2239 877 2323 plenam
895 2239 1065 2303 cuiusdam
1081 2239 1194 2324 volup·

149 2350 235 2426 tatis,
254 2370 339 2434 quae
355 2351 572 2414 vehementer
589 2349 716 2412 animos
733 2348 904 2412 hominum
929 2348 962 2411 in
987 2348 1139 2430 legendo,
1158 2358 1193 2412 te

147 2458 317 2543 scriptore,
336 2469 452 2523 tenere
469 2459 590 2542 possit;
616 2457 696 2521 nihil
714 2466 766 2521 est
783 2457 870 2520 enim
895 2457 1004 2540 aptius
1028 2458 1070 2521 ad
1087 2457 1193 2522 delec-

146 2567 307 2631 tationem
332 2567 465 2631 lectoris
489 2587 588 2651 quam
612 2576 800 2648 temporum
825 2565 1001 2629 varietates
1025 2564 1193 2629 fortunae-

146 2695 212 2758 que
227 2675 480 2740 vicissitudines.
533 2676 629 2758 Quae
646 2675 710 2738 etsi
727 2674 822 2737 nobis
839 2673 1002 2756 optabiles
1018 2674 1052 2736 in
1070 2674 1193 2756 experi-

146 2784 233 2847 endo
257 2803 325 2846 non
349 2782 497 2858 fuerunt,
519 2783 551 2846 in
577 2783 720 2866 legendo
745 2791 858 2846 tamen
886 2791 984 2844 erunt
1011 2781 1174 2846 iucundae
1182 2803 1189 2859 ;

145 2891 246 2956 habet
264 2891 353 2955 enim
374 2891 545 2975 praeteriti
560 2890 682 2955 doloris
707 2909 824 2955 secura
848 2890 1033 2954 recordatio
1049 2889 1191 2954 delecta-

145 2999 281 3065 tionem.
331 2999 460 3064 Ceteris
476 3020 555 3063 vero
573 2999 663 3063 nulla
678 2999 864 3083 perfunctis
881 2998 1012 3081 propria
1028 2997 1190 3075 molestia,
1211 3025 1225 3078 5

145 3189 169 3238 7.
187 3187 227 3240 33.
248 3189 278 3224 ro
301 3191 361 3225 nans
386 3191 430 3225 nec
447 3177 554 3225 historia
576 3176 645 3224 debet
696 3174 897 3223 -Herculem
934 3173 1189 3237 Xenophontium:

145 3243 232 3305 egredi
249 3243 379 3291 veritatem
400 3249 426 3291 et
446 3243 546 3292 honeste
561 3241 642 3306 sactis
693 3241 725 3290 cf.
740 3242 806 3290 Xen.
819 3242 898 3289 Mem.
913 3254 934 3288 2.
950 3253 970 3288 1.
982 3254 1020 3288 21.
1030 3240 1191 3304 -pluscu·

145 3311 239 3357 nerins
260 3309 359 3373 sufficit.
401 3309 451 3358 But
475 3309 520 3358 the
537 3309 643 3372 prevail-
693 3309 764 3358 lum:
783 3307 816 3357 cf.
826 3308 978 3371 pulchellus,
993 3307 1040 3369 Ep.
1054 3308 1085 3354 V.
1102 3320 1130 3355 10
1143 3315 1183 3354 n.'
1247 3335 1250 3339 -

144 3375 190 3438 ing
206 3375 310 3425 ancient
326 3375 480 3439 conception
499 3375 528 3424 oi
544 3375 644 3441 history
727 3389 749 3435 4.
763 3375 910 3424 modicum
918 3375 1064 3437 quoddam
1074 3387 1190 3437 corpus:

145 3456 198 3491 was
215 3442 293 3491 alon
304 3458 371 3502 one;
389 3458 433 3492 see
451 3442 542 3504 Quint.
564 3456 600 3491 ιο.
622 3457 642 3490 1.
693 3449 784 3504 corpus
801 3443 823 3490 is
841 3457 873 3490 an
892 3442 974 3498 entire
993 3439 1104 3499 ‘work’;
1127 3440 1192 3488 liber

145 3521 194 3572 3r;
214 3509 322 3558 SenM
337 3509 366 3570 Q.
385 3523 408 3571 7.
429 3508 467 3558 16.
486 3523 543 3566 1,2.
574 3509 642 3557 Both
693 3516 778 3571 apart
791 3509 919 3572 complete
931 3508 958 3556 in
973 3507 1190 3558 used-habet

146 3575 250 3624 Atticus
268 3574 321 3624 and
339 3576 432 3626 Cicero
451 3583 531 3624 wrote
549 3590 582 3624 an
603 3591 643 3625 ac·
694 3609 727 3624 ..
747 3575 1010 3624 .delectationem:
1030 3574 1081 3623 this
1099 3573 1190 3623 recalls

144 3649 225 3690 count
248 3641 277 3690 oi
302 3642 418 3691 Cicero’s
442 3642 592 3706 consulship
615 3643 641 3690 in
693 3642 770 3705 Verg.
789 3644 853 3690 Aen.
869 3656 889 3689 1.
906 3655 953 3706 ²03
968 3642 1065 3705 forsan
1085 3648 1110 3689 et
1130 3640 1191 3688 haec

144 3707 249 3769 Greek;
275 3708 308 3758 cf.
332 3710 385 3758 Art.
407 3723 429 3758 2.
456 3722 477 3756 1.
499 3723 521 3768 1,
540 3723 608 3757 2.-—
624 3723 641 3758 a
692 3710 753 3757 olins
770 3709 914 3757 meminisse
930 3710 1033 3774 iuuabit.

143 3789 219 3839 qua:
240 3775 285 3824 the
304 3775 399 3826 uscos
418 3776 462 3825 the
480 3776 640 3840 preposition
728 3787 749 3839 5.
774 3775 903 3824 ceteris.
928 3809 935 3824 .
960 3810 967 3823 .
986 3775 1124 3825 iucunda:
1148 3773 1190 3822 ior

142 3842 230 3892 shows
249 3842 306 3891 that
325 3845 413 3907 grauis
431 3843 454 3892 is
476 3841 641 3906 personified.
693 3842 738 3891 the
755 3843 902 3899 sentiment,
914 3841 948 3891 ei.
967 3843 1041 3891 Lucr.
1060 3856 1081 3890 2.
1097 3854 1190 3902 1-4.-
