2814 4328
137 311 212 360 Fam.
225 305 249 357 6.
262 305 299 371 6.]
478 305 646 355 CICERO’S
672 304 845 354 LETTERS.
1140 303 1188 354 199

136 478 212 559 ipse
229 474 448 557 temporibus.
492 475 545 537 Ita
562 493 624 538 nec
642 473 698 537 ille
714 473 793 556 quid
810 482 962 555 tempora
978 461 1188 555 postulatura

136 584 209 649 sint
234 603 297 647 nec
322 603 383 646 nos
401 582 480 664 quid
507 581 562 644 ille
587 581 713 665 cogitet
740 581 826 644 scire
851 600 1039 663 possumus.
1091 581 1187 645 Haec

136 692 203 756 tibi
218 701 319 755 antea
335 710 404 753 non
422 689 587 772 rescripsi,
607 709 675 752 non
692 710 758 772 quo
775 698 925 753 cessator
941 709 1016 753 esse
1033 690 1184 765 solerem,

136 799 338 884 praesertim
356 800 390 861 in
407 798 538 874 litteris,
558 799 627 874 sed,
647 818 723 862 cum
740 797 902 880 explorati
919 797 1001 860 nihil
1018 799 1185 875 haberem,

137 929 203 974 nec
227 908 290 972 tibi
314 907 575 972 sollicitudinem
604 927 645 970 ex
668 905 879 970 dubitatione
907 927 983 970 mea
1005 927 1068 971 nec
1093 928 1186 990 spem

138 1039 182 1082 ex
198 1016 430 1081 adfirmatione
446 1016 577 1079 adferre
594 1015 692 1080 volui.
745 1001 838 1079 Illud
855 1025 969 1080 tamen
989 1017 1185 1092 adscribam,

139 1127 230 1210 quod
248 1135 300 1189 est
316 1124 538 1200 verissimum,
557 1144 611 1187 me
628 1123 681 1188 his
697 1125 905 1207 temporibus
930 1125 1039 1188 adhuc
1055 1126 1097 1188 de
1121 1125 1187 1189 isto

138 1234 288 1318 periculo
318 1205 401 1296 nihil
429 1233 572 1297 audisse.
626 1233 679 1296 Tu
707 1243 821 1297 tamen
849 1254 909 1316 pro
937 1243 996 1297 tua
1024 1233 1188 1316 sapientia

138 1343 280 1408 debebis
304 1351 420 1424 optare
445 1342 582 1424 optima,
601 1341 750 1425 cogitare
766 1342 969 1419 difficillima,
986 1343 1076 1406 ferre
1091 1362 1188 1426 quae-

137 1452 285 1535 cumque
310 1459 417 1515 erunt.

487 1609 596 1675 va.
633 1611 737 1699 (Fam.
755 1611 786 1675 6.
805 1611 852 1695 6.)

371 1786 408 1836 Μ.
432 1785 572 1835 CICERO
596 1785 623 1834 S.
648 1786 682 1834 D.
707 1787 739 1834 Α.
764 1785 965 1836 CAECINAE.

184 1920 318 1986 Vereor
333 1938 377 1982 ne
396 1919 565 1983 desideres
583 1919 728 1983 officium
748 1940 917 1984 meum—
929 1921 1018 2005 quod
1041 1921 1104 1986 tibi
1127 1943 1187 2005 pro
1208 1943 1217 1978 1

139 2039 259 2094 nostra
286 2037 320 2092 et
349 2027 543 2091 meritorum
572 2029 750 2092 multorum
782 2038 814 2092 et
844 2029 1030 2093 studiorum
1059 2031 1187 2113 parium

140 2137 382 2203 coniunctione
406 2137 526 2201 deesse
557 2157 624 2199 non
658 2137 768 2212 debet,
785 2139 903 2201 —sed
936 2147 1047 2202 tamen
1072 2159 1190 2203 vereor

140 2268 184 2312 ne
201 2247 390 2310 litterarum
408 2265 427 2307 a
447 2265 500 2308 me
522 2245 668 2309 officium
693 2247 852 2328 requiras,
871 2268 954 2331 quas
979 2247 1040 2311 tibi
1064 2258 1098 2311 et
1123 2248 1188 2311 iam

140 2356 271 2440 pridem
297 2364 330 2417 et
356 2373 455 2436 saepe
481 2354 656 2429 misissem,
676 2355 741 2418 nisi
766 2355 887 2419 cotidie
912 2356 1031 2420 melius
1056 2377 1189 2439 exspec-

140 2475 220 2529 tans
253 2462 512 2546 gratulationem
545 2483 644 2545 quam
685 2463 971 2528 confirmationem
1005 2464 1107 2528 animi
1137 2465 1188 2529 tui

177 2635 200 2684 3.
220 2627 367 2669 cessator:
386 2619 418 2668 ci.
439 2620 502 2668 intr.
515 2634 528 2681 7
533 2619 640 2684 5.-de
694 2618 754 2668 ered
775 2619 820 2668 the
840 2619 942 2668 oration
960 2627 1012 2682 pra
1037 2620 1145 2669 Caecina
1161 2619 1188 2668 in

142 2686 201 2736 isto
220 2686 363 2750 periculo:
381 2686 414 2735 ci.
427 2687 641 2738 deislssmunici·
693 2684 795 2748 6913.c.
830 2685 923 2734 Cicero
941 2694 1021 2734 wrote
1041 2693 1093 2734 two
1114 2686 1190 2734 other

138 2755 236 2818 piis,1.
692 2752 782 2801 letters
805 2760 834 2800 to
858 2752 902 2801 the
931 2767 1046 2817 younger
1075 2752 1190 2802 Caecina
1213 2797 1215 2800 .

178 2819 263 2869 LXV.
294 2821 386 2878 Rome,
418 2820 488 2883 Sept.
513 2835 544 2869 or
573 2820 640 2876 Oct,
695 2819 753 2882 (viz.
766 2820 839 2867 Fam.
852 2819 875 2867 6.
890 2832 903 2884 5
921 2819 972 2867 and
987 2819 1023 2884 8),
1037 2834 1087 2868 one
1104 2819 1130 2867 in
1148 2819 1189 2868 his

142 2887 176 2948 46
206 2898 257 2935 nc.
292 2887 325 2934 Α.
350 2887 469 2943 Caecina,
494 2885 641 2948 descended
692 2884 783 2934 behali
795 2886 877 2949 (Fam.
894 2900 931 2949 ¹3·
944 2885 995 2947 66),
1008 2885 1059 2934 and
1072 2884 1189 2935 received

141 2954 212 3002 from
221 2968 254 3001 an
264 2952 309 3002 old
322 2954 449 3002 Etruscan
458 2953 555 3018 family,
564 2969 616 3002 was
626 2967 642 3000 a
693 2967 743 3001 one
754 2951 823 2999 from
840 2952 894 3000 him
909 2953 991 3016 (Fam.
1004 2952 1027 3001 6.
1041 2952 1075 3016 7).

141 3035 204 3069 man
223 3020 252 3068 of
269 3019 448 3070 considerable
466 3020 562 3084 ability,
575 3019 641 3069 both
728 3033 748 3067 1.
766 3019 927 3068 studiorum
935 3009 1063 3082 parium:
1076 3020 1190 3068 Caecina

142 3086 297 3136 asawriter
309 3085 360 3134 and
372 3102 402 3136 as
414 3102 446 3135 an
466 3094 562 3136 orator.
598 3086 639 3136 ef.
692 3085 934 3150 wasanauthority
952 3101 1021 3149 upon
1039 3087 1083 3135 the
1102 3087 1189 3135 Etrus-

144 3153 205 3202 Sen.
229 3155 291 3201 Nat.
320 3153 420 3213 Quaeri.
445 3167 466 3201 2.
494 3154 531 3220 56.
557 3168 567 3202 1
597 3154 641 3202 leae
692 3168 740 3202 can
748 3153 857 3203 method
868 3152 897 3201 ol
910 3152 1079 3216 interpreting
1090 3168 1188 3212 omens,

141 3221 216 3282 apud
230 3221 363 3270 Caecinam
377 3221 639 3284 invenia,facundum
692 3220 744 3268 and
752 3220 804 3269 had
813 3219 1027 3276 writtenabook‚
1037 3220 1068 3268 de
1075 3222 1189 3269 Etrusca

142 3289 230 3336 virum
250 3294 275 3335 et
292 3288 340 3350 qui
359 3287 485 3335 habuisset
501 3288 641 3352 aliquanda
691 3289 847 3351 Disciplina,
860 3288 935 3337 while
954 3287 1055 3344 Cicero,
1068 3287 1135 3336 after
1148 3287 1188 3336 his

143 3355 172 3402 in
196 3355 338 3418 eloquentia
368 3369 466 3410 namen,
490 3356 542 3402 areli
563 3355 639 3402 illum
692 3355 821 3404 elevation
850 3363 878 3404 to
909 3356 953 3405 the
980 3361 1113 3418 augurate,
1137 3353 1188 3402 had

146 3422 274 3470 Ciceronis
286 3421 377 3469 umbra
385 3423 524 3482 pressisset.
545 3421 641 3470 lniact
691 3421 833 3471 interested
859 3422 963 3471 himself
989 3423 1015 3470 in
1044 3419 1089 3470 the
1117 3436 1189 3470 same

93 3517 96 3522 ·
142 3487 163 3535 it
182 3502 235 3536 was
258 3486 299 3536 his
322 3501 415 3536 course
438 3502 467 3536 as
488 3502 503 3535 a
526 3487 653 3551 politicab
691 3488 759 3537 class
772 3489 802 3537 of
818 3488 941 3552 subjects‚
955 3490 1006 3537 and
1025 3488 1077 3537 had
1089 3488 1189 3536 written

141 3553 329 3617 pamphleteer‚
343 3553 430 3602 rather
448 3553 511 3602 than
524 3569 552 3603 as
565 3569 581 3602 a
593 3554 641 3603 sol·
692 3570 708 3602 a
720 3556 825 3604 treatise
837 3555 921 3605 called
933 3557 963 3604 de
976 3556 1111 3618 Augnriis.
1147 3554 1188 3603 Cf.

142 3619 206 3678 dier,
225 3619 308 3669 which
326 3619 369 3668 led
386 3620 486 3669 Caesar
503 3629 531 3670 to
547 3620 640 3669 banish
692 3622 749 3670 also
767 3624 840 3672 Fam.
859 3622 882 3671 6.
900 3623 1188 3684 9.1.-litterarum:

142 3687 197 3735 him
212 3687 255 3750 (ci.
270 3687 341 3736 Suet.
354 3688 406 3734 Iul.
419 3687 471 3752 75).
495 3687 537 3736 He
550 3703 602 3736 was
615 3695 642 3736 at
693 3688 758 3737 used
775 3703 804 3737 as
821 3704 838 3737 a
855 3689 952 3751 plural;
971 3688 1005 3736 ci.
1024 3689 1121 3746 litteris,
1141 3689 1188 3752 Ep.

143 3753 196 3803 this
209 3755 271 3802 time
283 3754 308 3802 in
329 3753 414 3818 Sicily.
451 3755 475 3802 lt
488 3769 540 3803 was
557 3754 583 3802 in
601 3754 642 3802 his
693 3755 794 3804 XCIX.
807 3768 817 3802 1
829 3770 896 3802 n.-
905 3755 1010 3804 melius
1019 3771 1025 3802 ε
1035 3755 1068 3804 cf.
1075 3755 1188 3818 prolixe,

141 3819 251 3870 fathers
268 3819 358 3870 behall
380 3819 437 3868 that
455 3819 547 3869 Cicero
565 3819 643 3869 deliv-
694 3821 742 3884 Ep.
756 3821 832 3870 XXI.
847 3835 856 3868 1
873 3837 898 3869 n.
