2814 4328
243 283 291 336 182
580 284 748 336 CICERO’S
773 285 947 336 LETTERS.
1140 286 1205 352 [Ep.
1220 287 1292 336 LIV.

574 521 664 586 LIV.
701 521 806 608 (Fam.
830 540 878 602 14.
902 523 967 607 19.)

452 696 609 746 TVLLIVS
634 696 850 746 TERENTIAE
875 697 970 747 SVAE
995 697 1022 747 S.
1046 697 1080 746 D.

289 831 329 893 In
357 830 509 894 maximis
537 830 621 894 meis
649 830 820 894 doloribus
850 831 1017 895 excruciat
1046 851 1100 895 me
1128 831 1292 898 valetudo

241 939 370 1002 Tulliae
387 948 533 1013 nostrae,
552 939 593 1001 de
610 959 674 1020 qua
691 938 774 1001 nihil
791 948 842 1002 est
860 939 948 1021 quod
965 940 1006 1003 ad
1030 947 1065 1002 te
1089 939 1186 1023 plura
1210 941 1293 1004 scri

241 1049 338 1123 bam3
367 1046 429 1110 tibi
454 1047 543 1110 enirn
567 1067 672 1129 aeque
696 1067 838 1129 magnae
863 1067 961 1110 curae
987 1067 1062 1110 esse
1087 1057 1181 1114 certo
1206 1049 1289 1113 scio,

242 1156 342 1239 Quod
367 1175 419 1217 me
444 1155 580 1236 propius
597 1154 699 1218 vultis
724 1155 892 1230 accedere,
916 1155 1013 1219 video
1037 1155 1085 1218 ita
1108 1175 1186 1219 esse
1209 1155 1293 1220 faci-

240 1265 363 1327 endum
375 1285 382 1338 ;
410 1264 509 1326 etiam
534 1273 613 1326 ante
636 1262 804 1339 fecissem,
823 1263 882 1327 sed
903 1283 957 1326 me
978 1262 1084 1326 multa
1108 1263 1293 1345 impedive-

240 1381 327 1447 runt,
362 1391 446 1454 quae
478 1392 521 1434 ne
552 1392 641 1434 nunc
673 1370 995 1454 quidcm'expedita
1026 1355 1116 1434 sunt.
1167 1371 1239 1436 Sed
1272 1394 1293 1437 a

241 1480 423 1562 Pomponio
444 1488 601 1562 exspecto
624 1479 764 1554 litteras,
783 1499 864 1562 quas
886 1479 928 1543 ad
950 1499 1004 1543 mc
1020 1499 1118 1561 quam
1141 1479 1292 1561 primum

240 1587 459 1672 perferendas
475 1607 571 1652 cures
588 1587 697 1652 velim.
746 1587 801 1650 Da
816 1607 950 1671 operam
967 1596 1005 1651 ut
1021 1586 1142 1652 valeas.

577 1845 651 1911 LV.
684 1846 790 1932 (Fam.
813 1864 861 1927 14.
885 1847 949 1931 17.)

452 2021 609 2071 TVLLIVS
633 2021 849 2070 TERENTIAE
874 2020 969 2070 SVAE
993 2021 1020 2071 S.
1043 2021 1077 2070 D.

288 2155 322 2221 S.
337 2177 366 2220 ν.
381 2156 412 2220 b.
428 2176 456 2220 e.
470 2155 511 2219 V.
555 2154 592 2219 Si
608 2155 686 2238 quid
703 2155 861 2218 haberem
877 2156 966 2238 quod
982 2157 1023 2218 ad
1038 2165 1075 2219 te
1091 2155 1288 2234 scriberem,

240 2265 386 2328 facerem
408 2265 439 2326 id
463 2273 496 2326 et
522 2263 673 2344 pluribus
689 2261 800 2326 verbis
825 2272 858 2326 ct
883 2263 1026 2345 saepius,
1077 2263 1177 2328 Nunc
1202 2286 1290 2347 quae

242 2373 309 2437 sint
334 2371 471 2454 negotia
495 2372 604 2448 vides;
629 2391 692 2454 ego
717 2380 829 2434 autem
854 2372 1019 2454 quomodo
1044 2370 1104 2434 sim
1131 2372 1290 2436 adfectus

242 2502 283 2544 ex
306 2482 414 2562 Lepta
438 2490 471 2542 et
497 2479 657 2543 Trebatio
682 2479 808 2563 poteris
832 2499 1044 2562 cognoscere.
1093 2479 1146 2543 Tu
1169 2480 1224 2544 fac
1252 2491 1289 2544 ut

242 2600 333 2652 tuam
351 2599 385 2651 et
402 2588 532 2651 Tulliae
549 2579 776 2652 valetudinem
794 2607 900 2652 cures.
949 2588 1042 2652 Vale.

277 2746 347 2794 LIV.
372 2744 546 2802 Brundisium,
566 2747 635 2794 Nov.
653 2759 691 2806 27,
707 2745 739 2806 48
824 2744 879 2793 LV.
906 2743 1080 2803 Brundisium,
1104 2745 1167 2794 Dec.
1192 2744 1230 2803 18,
1256 2745 1288 2806 48

245 2825 294 2861 uc.
791 2823 841 2859 uc.

276 2878 687 2929 inmaximis...doloribus:
706 2878 738 2927 ci.
824 2892 847 2926 o.
859 2891 886 2925 v.
899 2879 926 2926 b.
945 2892 970 2927 e.
986 2892 1031 2926 v.:
1050 2877 1087 2927 cf.
1107 2878 1170 2926 lntr.
1183 2877 1215 2926 62
1234 2877 1289 2926 and

245 2947 307 2994 Intr.
327 2946 492 3009 32.—quod
512 2981 518 2993 .
539 2946 739 2995 ..accederet
792 2944 839 3007 Ep.
864 2944 934 2992 LVI.
958 2945 1149 3007 n.-Lepta:
1178 2944 1211 2992 cf.
1237 2945 1287 3008 Ep.

243 3013 347 3061 Atticus
365 3012 417 3059 had
440 3013 515 3073 given
541 3012 585 3060 the
608 3027 680 3060 same
698 3011 740 3060 ad·
792 3010 1160 3059 XXXV.22.—Trebatio:
1178 3025 1222 3059 see
1237 3011 1288 3074 Ep.

243 3079 298 3128 vice
313 3079 375 3142 (Att.
392 3093 427 3125 Η.
443 3091 464 3142 5.
479 3078 512 3140 2),
522 3078 568 3126 but
582 3078 675 3126 Cicero
688 3077 740 3126 had
792 3076 1049 3126 XXl.introd.note.
1073 3075 1216 3139 Leptaand
1225 3077 1289 3126 Tre·

243 3144 372 3194 hesitated
390 3154 417 3192 to
435 3144 516 3208 adopt
535 3145 563 3201 it,
578 3144 621 3192 for
637 3144 694 3193 fear
712 3144 740 3193 of
790 3143 876 3192 batius
889 3142 941 3191 had
954 3151 1006 3191 met
1025 3143 1116 3191 Cicero
1134 3150 1161 3190 at
1180 3141 1290 3190 Brundi·

242 3211 329 3276 injury
346 3220 372 3259 at
391 3212 435 3260 the
459 3211 542 3259 hands
561 3210 590 3258 of
613 3211 657 3259 the
677 3211 740 3259 Cae·
791 3210 865 3258 sium.
908 3209 1023 3259 Cicero's
1041 3216 1109 3258 state
1128 3208 1156 3256 of
1174 3208 1249 3256 mind
1267 3210 1290 3258 is

243 3278 508 3341 satians-multa,
536 3285 602 3326 eto:
630 3293 674 3340 ag.
698 3277 739 3325 his
791 3291 862 3324 more
885 3275 950 3341 fully
972 3273 1103 3323 indicated
1124 3275 1150 3323 in
1174 3289 1190 3322 a
1210 3275 1291 3323 letter

243 3345 348 3401 lictors;
367 3359 410 3392 see
425 3346 478 3392 Ate.
493 3357 530 3391 11.
543 3343 566 3392 6.
580 3357 601 3390 2.
611 3371 645 3379 —
656 3345 740 3393 Pom·
790 3342 891 3391 written
908 3351 936 3390 to
952 3342 1055 3390 Atticus
1074 3343 1138 3404 (Aet.
1158 3353 1196 3388 11.
1213 3339 1242 3402 8)
1263 3349 1290 3389 at

243 3411 344 3476 punio:
362 3410 394 3458 cf.
409 3411 471 3458 Intr.
485 3409 523 3474 58.
790 3408 844 3458 this
856 3409 925 3458 time.
