2780 4332
190 305 261 357 ,250
549 306 717 358 CICERO’S
743 307 917 358 LETTERS.
1028 305 1091 374 [Ep.
1104 309 1266 360 LXXXVI.

177 496 193 543 4
212 475 393 540 δυσωπεῖ
409 473 554 539 fortasse
571 475 634 540 hoc
651 474 725 539 loco
745 474 844 539 alicui
860 484 1019 551 vestrum,
1039 496 1100 540 cur
1122 477 1265 542 novissi·

209 603 301 647 mum
325 592 458 666 tempus
483 593 719 666 exspectemus
751 583 862 666 potius
895 603 993 667 quam
1019 604 1110 647 nunc
1135 585 1264 668 aliquid

210 692 394 756 moliamur.
445 691 533 778 Quia
558 693 614 756 ubi
639 692 862 758 consistamus
886 712 954 755 non
980 692 1144 757 habemus
1168 714 1264 777 prae-

210 809 263 864 ter
294 799 371 866 Sex.
399 800 593 883 Pompeium
619 810 653 864 et
687 801 829 864 Bassum
863 799 1056 877 Caecilium,
1087 801 1144 884 qui
1176 802 1263 866 mihi

209 909 365 972 videntur
380 909 444 973 hoc
461 909 580 973 nuntio
596 910 638 974 de
664 907 809 974 Caesare
832 909 933 973 allato
959 909 1120 973 firmiores
1140 910 1260 976 futuri.

212 1016 302 1083 Satis
318 1028 469 1101 tempore
491 1019 532 1081 ad
557 1038 615 1082 eos
639 1018 848 1094 accedemus,
867 1018 925 1082 ubi
943 1018 1023 1100 quid
1039 1017 1175 1082 valeant
1200 1020 1262 1084 sci-

209 1125 343 1191 erimus.
393 1128 455 1190 Pro
474 1126 589 1190 Cassio
614 1136 648 1190 et
673 1135 717 1202 te,
735 1127 764 1191 si
789 1127 867 1210 quid
892 1147 946 1190 me
961 1126 1072 1190 velitis
1096 1127 1260 1210 recipere,

178 1247 192 1302 5
209 1234 385 1318 recipiam;
408 1233 558 1317 postulat
575 1235 662 1298 enim
681 1234 744 1298 hoc
772 1234 905 1299 Hirtius
921 1244 959 1297 ut
976 1234 1106 1298 faciam.
1160 1237 1262 1319 Rogo

208 1363 268 1406 vos
290 1363 389 1426 quam
414 1343 557 1425 primum
581 1343 662 1407 mihi
687 1343 1021 1407 rescribatis—nam
1046 1363 1114 1406 non
1139 1344 1262 1408 dubito

157 1507 160 1512 .
208 1452 288 1535 quin
316 1452 358 1515 de
384 1452 434 1516 his
466 1453 566 1516 rebus
597 1461 677 1517 ante
711 1452 826 1515 horam
851 1462 1002 1535 quartam
1032 1452 1165 1515 Hirtius
1191 1473 1262 1517 cer-

209 1561 326 1624 tiorem
358 1581 412 1624 me
444 1560 487 1624 sit
519 1560 695 1634 facturus:
735 1581 835 1643 quem
867 1560 901 1623 in
933 1559 1043 1625 locum
1076 1562 1262 1626 convenire

208 1669 384 1753 possimus,
400 1689 466 1752 quo
482 1689 536 1732 me
553 1668 665 1733 velitis
680 1669 805 1746 venire,
825 1669 1008 1734 rescribite.

175 1793 193 1844 6
257 1779 335 1842 Post
352 1778 571 1842 novissimum
591 1778 683 1841 Hirti
707 1798 897 1842 sermonem
917 1769 1076 1861 placitum
1099 1786 1151 1842 est
1173 1779 1261 1843 mihi

208 1887 377 1969 postulare
394 1896 431 1950 ut
448 1886 563 1950 liceret
580 1887 677 1950 nobis
697 1889 826 1951 Romae
839 1907 914 1951 esse
930 1887 1064 1970 publico
1077 1888 1256 1969 praesidio.

129 2016 142 2036 ·
210 1995 310 2078 Quod
327 1994 401 2059 illos
418 1995 515 2059 nobis
532 2015 751 2059 concessuros
774 2016 842 2059 non
866 2006 967 2078 put0;
992 2016 1147 2078 magnam
1166 1997 1258 2060 enim

209 2104 364 2168 invidiam
382 2103 422 2168 iis
446 2103 618 2168 faciemus.
669 2103 763 2168 Nihil
787 2115 901 2168 tamen
926 2125 994 2167 non
1018 2104 1259 2187 postulandum

208 2213 332 2296 putavi,
351 2213 439 2296 quod
456 2232 598 2296 aequum
616 2232 692 2277 esse
709 2222 901 2278 statuerem.

207 2365 359 2429 :denique
381 2365 407 2414 in
430 2379 446 2413 a
470 2364 547 2413 letter
574 2364 642 2413 from
668 2365 702 2412 D.
757 2365 864 2425 cilium,
873 2365 907 2415 cf.
920 2367 992 2415 Galli
1002 2367 1106 2424 Canini,
1116 2367 1165 2430 Ep.
1176 2367 1257 2418 XIX.

209 2433 305 2481 Bmtus
316 2432 400 2495 (Fam.
412 2445 449 2480 11.
460 2445 499 2481 20.
511 2431 535 2495 1)
549 2430 601 2480 and
612 2432 639 2480 in
651 2446 702 2480 one
756 2446 809 2492 4¹1·
823 2433 919 2482 Brutus
930 2431 1027 2496 adopts
1039 2433 1083 2482 the
1095 2449 1168 2482 same
1177 2434 1258 2484 order

207 2499 276 2547 from
295 2499 324 2547 C.
338 2499 445 2548 Cassius
463 2498 547 2561 (Fam.
563 2511 600 2546 12.
616 2512 653 2563 13.
667 2498 702 2562 3).
741 2499 783 2547 =in
801 2501 873 2547 Fam.
894 2513 932 2548 11.
950 2514 973 2565 9.
994 2513 1022 2556 1;
1043 2513 1080 2548 11.
1094 2513 1132 2548 20.
1148 2503 1257 2550 1.—de

209 2565 273 2615 This
286 2581 365 2629 usage
375 2566 397 2614 is
406 2573 453 2613 not
462 2559 548 2613 forind
560 2565 586 2613 in
598 2565 701 2614 Caesar.
758 2566 895 2615 Caesare:
907 2567 1079 2629 euphemistic
1088 2566 1130 2615 for
1138 2569 1259 2617 demorte

241 2647 265 2693 4.
284 2641 448 2682 succurret:
477 2632 520 2680 for
536 2639 665 2690 occurret,·
688 2646 704 2680 a
760 2634 984 2696 Caesam-pro
997 2633 1102 2683 Cassio
1115 2643 1143 2682 et
1156 2643 1196 2683 te:
1210 2635 1257 2684 the

207 2713 288 2763 usage
311 2706 357 2748 not
380 2698 464 2747 found
487 2699 514 2748 in
534 2699 626 2748 Cicero
649 2705 705 2748 out·
756 2699 833 2749 letter
849 2700 872 2748 is
890 2699 1033 2749 addressed
1054 2715 1125 2749 more
1143 2702 1257 2764 particu-

208 2765 264 2816 side
281 2766 325 2815 the
345 2768 454 2824 Lettem,
473 2765 526 2815 and
549 2766 611 2831 only
631 2766 704 2814 three
756 2766 820 2831 larly
832 2775 860 2816 to
873 2769 908 2815 M.
923 2767 1026 2816 Brutus.

208 2833 284 2882 times
301 2833 329 2882 in
347 2833 437 2891 them;
461 2833 508 2896 Ep.
528 2832 631 2892 XC.6;
650 2835 702 2880 Art
791 2833 813 2882 6.
835 2841 901 2898 post
920 2869 927 2882 .
947 2869 954 2882 .
973 2871 979 2883 .
1000 2848 1174 2894 sermonem,
1193 2843 1256 2885 etc:

211 2913 248 2961 14.
263 2913 284 2948 1.
298 2901 437 2950 2.—Sex.
452 2901 642 2964 Pompeium:
660 2900 705 2948 the
757 2901 908 2965 apparently
925 2901 1027 2949 written
1045 2900 1113 2949 after
1129 2902 1174 2950 the
1195 2917 1257 2952 con·

209 2982 259 3016 son
282 2966 311 3015 of
335 2967 474 3030 Pompeius
500 2968 621 3030 Magnus,
645 2967 705 3015 who
756 2967 859 3016 ference
876 2967 938 3016 with
962 2967 1066 3016 Hirtius
1089 2967 1203 3017 referred
1226 2977 1256 3018 to

209 3033 320 3097 escaped
332 3033 398 3082 after
410 3034 453 3082 the
466 3033 547 3082 battle
559 3033 589 3082 of
604 3033 705 3082 Munda
757 3033 848 3092 above,
858 3034 910 3083 and
922 3033 1099 3100 immediately
1107 3034 1197 3084 before
1210 3035 1257 3084 the

210 3100 297 3165 (Caes.
308 3102 350 3166 fr.
363 3116 387 3164 p.
403 3099 456 3158 160,
469 3099 509 3148 ed.
528 3099 640 3165 Di'nter),
653 3099 706 3149 and
757 3101 871 3163 meeting
882 3101 911 3149 of
928 3101 972 3149 the
985 3107 1074 3150 senate
1087 3116 1123 3149 on
1137 3103 1204 3151 Mar.
1216 3115 1254 3164 17.

208 3167 332 3232 gathered
365 3167 446 3217 about
477 3167 533 3216 him
563 3167 590 3216 in
623 3167 705 3231 Spain
756 3167 1007 3217 —novissimumz
1024 3167 1067 3216 for
1079 3170 1255 3230 proximum

209 3234 424 3294 irreconcilables,
453 3234 624 3293 freebooters,
653 3233 705 3283 and
757 3235 789 3284 cf.
810 3243 871 3284 note
895 3234 1118 3284 above—illos:
1148 3236 1257 3301 Antony

209 3302 391 3350 malcontents.
404 3329 438 3338 -
451 3303 580 3351 Bassum
602 3301 705 3350 caeci·
757 3300 810 3350 and
843 3301 884 3351 his
920 3301 1057 3350 followers.
1070 3329 1101 3337 —
1116 3301 1255 3352 invidiam

208 3369 297 3418 lium:
320 3383 337 3417 a
358 3369 501 3432 Pompeian
518 3368 585 3424 who,
604 3368 705 3431 though
757 3367 793 3418 iis
811 3368 964 3417 faciemus:
983 3367 1016 3417 cf.
1030 3369 1082 3416 Ata
1098 3367 1168 3432 3.16
1185 3377 1254 3431 spem

209 3435 343 3498 pardoned
373 3435 407 3502 by
437 3436 536 3484 Caesar
564 3435 632 3483 after
660 3435 705 3484 the
757 3436 957 3500 saceraalicui,·
975 3436 1048 3484 Fam.
1062 3433 1257 3484 10.18.2tima

208 3501 290 3551 battle
321 3501 351 3550 of
380 3502 529 3560 Pharsalus,
552 3501 661 3550 secured
690 3516 706 3549 a
757 3518 809 3551 rem
821 3502 910 3566 facere
931 3503 1013 3551 alicui
1019 3517 1030 3560 ,·
1055 3503 1109 3549 Att.
1132 3514 1169 3549 11.
1190 3501 1215 3551 8.
1240 3515 1255 3550 2

208 3569 284 3618 small
296 3583 376 3635 army,
388 3567 545 3617 entrenched
557 3567 664 3617 himself
679 3568 705 3616 in
756 3569 865 3617 dolorem
869 3570 959 3632 facere
969 3568 1056 3617 alicui.
1092 3567 1256 3631 Itisproba-

210 3635 291 3700 Syria,
301 3633 354 3682 and
363 3634 447 3684 defied
456 3635 500 3683 the
508 3650 595 3697 power
602 3635 632 3683 of
641 3634 706 3683 Cae
756 3634 798 3683 ble
810 3635 867 3683 that
881 3635 915 3684 all
929 3635 1002 3687 these
1014 3634 1125 3694 phrases
1142 3649 1186 3684 are
1204 3635 1257 3694 col·

208 3713 259 3765 sar.
289 3700 332 3749 On
344 3700 389 3765 the
400 3701 477 3749 order
488 3702 616 3767 Bassum
630 3701 705 3750 Cae·
755 3700 862 3766 loquial.
898 3700 940 3750 Cf.
955 3700 1071 3768 latr-89
