2834 4326
240 301 273 355 76
328 313 330 318 ’
579 299 748 352 CICERO'S
773 300 946 350 LETTERS.
1103 299 1164 366 [Ep.
1178 300 1289 352 xvnt

239 469 437 545 maritinum,
457 468 514 552 qui
531 488 648 531 omnes
665 489 683 531 a
701 468 880 551 perpetuis,
891 468 961 532 suis
978 467 1126 531 historiis
1144 489 1183 531 ea
1200 489 1291 552 quae

238 579 306 642 dixi
323 578 410 642 bella
426 586 675 660 separaverunt,
696 586 733 639 tu
756 597 888 658 quoque
914 576 994 639 item
1017 576 1147 640 civilem
1173 577 1292 642 coniu-

239 687 402 751 rationem
428 687 470 750 ab
499 685 678 748 hostilibus
708 685 923 767 externisque
951 685 1048 749 bellis
1077 685 1289 768 seiungeres.

236 795 405 880 Equidem
424 795 465 858 ad
482 803 630 856 nostram
656 793 785 856 laudem
812 813 879 856 non
905 793 1047 856 multum
1064 793 1161 857 video
1186 794 1292 858 inter·

239 924 323 979 esse,
339 904 397 967 sed
414 903 455 966 ad
471 901 739 984 properationem
754 921 861 965 meam
875 901 1032 985 quiddam
1050 902 1201 978 interest,
1216 923 1291 967 non

239 1021 273 1076 te
290 1020 486 1094 exspectare
510 1011 589 1073 dum
611 1010 653 1073 ad
677 1009 786 1074 locum
803 1009 928 1086 venias,
948 1031 986 1074 ac
1011 1010 1124 1074 statim
1150 1031 1291 1076 causam

239 1120 329 1184 illam
357 1129 463 1184 totam
491 1128 525 1182 et
554 1128 688 1201 tempus
718 1118 873 1201 arripere,
901 1128 933 1181 et
963 1119 1072 1194 simul,
1099 1116 1223 1182 si'uno
1251 1120 1290 1183 in

238 1237 437 1311 argumento
454 1247 586 1311 unaque
602 1226 636 1290 in
653 1246 796 1308 persona
812 1247 908 1290 mens
924 1236 982 1291 tua
998 1236 1070 1290 tota
1086 1226 1288 1305 versabitur,

239 1357 340 1401 cerno
357 1337 422 1400 iam
440 1336 550 1399 animo
563 1344 689 1418 quanto
702 1335 814 1398 omnia
830 1335 983 1399 uberiora
999 1345 1100 1418 atque
1116 1336 1290 1400 ornatiora

238 1445 353 1509 futura
378 1445 455 1509 sint.
515 1445 635 1527 Neque
661 1452 774 1507 tamen
800 1443 917 1526 ignoro
943 1465 1042 1526 quam
1072 1443 1289 1526 impudenter

238 1554 370 1630 faciam,
399 1553 456 1636 qui
485 1553 627 1636 primum
656 1553 719 1616 tibi
751 1561 884 1615 tantum
917 1553 1028 1616 oneris
1057 1552 1289 1635 imponam-

239 1671 352 1744 potest
385 1661 474 1725 enim
510 1661 592 1725 mihi
625 1662 791 1743 denegare
826 1661 1001 1742 occupatio
1033 1661 1287 1725 tua-deinde

239 1771 341 1834 etiam
367 1781 403 1833 ut
430 1790 529 1833 ornes
561 1789 615 1832 me
646 1768 826 1852 postulem.
877 1769 967 1852 Quid
994 1770 1022 1834 si
1047 1769 1102 1834 illa
1127 1769 1189 1833 tibi
1213 1790 1284 1834 non

205 1904 221 1955 3
238 1888 334 1943 tanto
351 1897 451 1962 opere
467 1878 623 1941 videntur
639 1877 814 1941 ornanda?
863 1877 930 1941 Sed
953 1888 1076 1954 tamen,
1096 1879 1153 1962 qui
1177 1881 1284 1943 semel

239 1987 459 2051 verecundiae
476 1985 552 2050 finis
569 1985 749 2065 transierit,
763 2006 839 2049 eum
856 1987 943 2050 bene
956 1995 989 2050 et
1003 1987 1133 2050 naviter
1149 1998 1284 2070 oportet

142 2148 145 2153 .
239 2116 315 2160 esse
332 2095 571 2178 impudentem.
622 2094 740 2177 Itaque
757 2103 792 2157 te
810 2093 907 2177 plane
932 2095 1031 2158 etiam
1057 2104 1157 2179 atque
1182 2097 1284 2161 etiam

239 2224 320 2287 rogo
338 2213 374 2267 ut
392 2213 425 2266 et
450 2222 548 2266 ornes
574 2222 613 2266 ea
629 2202 863 2267 vehementius
888 2203 989 2266 etiam
1015 2224 1112 2287 quam
1138 2205 1285 2270 fortasse

240 2313 355 2388 sentis,
382 2311 475 2375 etin
502 2331 541 2375 eo
569 2310 661 2394 leges
690 2311 850 2375 historiae
879 2312 1048 2395 neglegas,
1075 2311 1285 2396 gratiamque

238 2470 324 2519 native
332 2469 400 2526 land,
408 2469 491 2534 Sicily,
498 2467 549 2517 and
557 2467 735 2517 alsoasketch
786 2467 928 2533 adjectives
940 2469 992 2518 and
1009 2469 1119 2520 adverbs
1136 2486 1209 2520 came
1226 2471 1285 2521 into

239 2537 268 2597 oi
275 2537 319 2586 the
329 2536 478 2599 campaigns
486 2534 515 2584 of
528 2535 647 2599 Pyrrhus.
664 2535 736 2599 Poly·
786 2536 909 2598 voguein
922 2536 1036 2586 Cicero's
1049 2538 1118 2587 time.
1150 2537 1219 2604 Only
1231 2547 1285 2588 two

239 2603 296 2652 bius
315 2611 402 2660 wrote,
420 2601 522 2652 besides
546 2601 586 2662 his
607 2601 735 2650 universal
786 2602 916 2652 instances
939 2603 968 2650 of
997 2604 1048 2652 this
1075 2620 1119 2652 use
1149 2620 1228 2653 occur
1256 2605 1284 2654 iu

238 2671 345 2735 history,
357 2685 390 2723 an
405 2676 516 2718 account
532 2667 561 2717 oi
577 2667 621 2717 the
639 2683 691 2717 war
707 2666 736 2716 of
787 2669 862 2718 Latin
886 2669 1003 2735 comedy,
1026 2670 1074 2719 but
1097 2671 1193 2734 having
1217 2686 1285 2721 once

239 2736 391 2786 Numantia.
428 2736 486 2784 The
507 2736 557 2784 last
575 2735 734 2784 illustration
784 2735 869 2784 found
880 2751 897 2784 a
907 2737 1031 2785 foothold
1043 2737 1068 2785 in
1084 2737 1127 2786 the
1144 2739 1284 2802 language,

238 2802 409 2867 isespecially
420 2802 446 2851 in
464 2803 547 2865 point,
561 2801 603 2850 ior
615 2817 643 2850 as
663 2802 735 2867 Poly·
785 2802 804 2850 it
823 2801 929 2852 became
948 2804 1053 2869 quiclrly
1070 2820 1085 2852 a
1101 2804 1213 2853 favorite
1231 2806 1285 2854 col-

238 2870 297 2920 bius
315 2885 366 2919 was
384 2868 427 2918 led
448 2877 475 2917 to
493 2869 564 2917 write
582 2883 598 2916 a
615 2876 734 2932 separate
784 2869 939 2933 loquialism.
975 2870 1016 2919 Cf.
1032 2871 1088 2919 ltal.
1101 2872 1159 2919 bene
1170 2870 1222 2920 and
1239 2873 1283 2920 Fr.

238 2937 338 3002 history
350 2936 378 2985 oi
394 2936 438 2984 the
452 2935 611 2983 Numantine
625 2936 689 2983 War
700 2935 735 3001 by
784 2936 847 2984 bien.
875 2935 916 2984 Cf.
925 2937 981 2986 also
993 2954 1061 2994 sane,
1076 2939 1123 3001 Ep.
1137 2939 1211 2986 XVI.
1225 2952 1283 2996 an,

238 3004 279 3053 his
290 3002 433 3066 friendship
450 3002 493 3050 for
509 3002 543 3050 its
561 3002 624 3050 hero
638 3001 732 3066 Scipio,
784 3002 836 3051 and
843 3019 887 3052 see
899 3003 960 3052 lntr.
968 3012 1084 3066 90.-te
1098 3005 1182 3068 plane
1193 3005 1283 3054 etiam

239 3071 331 3120 Cicero
347 3069 430 3133 hopes
448 3069 505 3118 that
525 3069 652 3117 Lucceius
675 3083 734 3134 may
784 3077 872 3132 atque
885 3071 973 3119 etiam
987 3085 1068 3135 rogo:
1080 3072 1113 3120 ct.
1123 3073 1167 3119 hoc
1178 3079 1201 3120 te
1213 3073 1284 3120 vehe-

238 3137 270 3186 be
281 3135 393 3186 induced
411 3136 444 3201 by
456 3150 472 3184 a
486 3135 583 3185 similar
595 3135 733 3185 sentiment
784 3143 881 3185 menter
891 3139 966 3185 etiam
980 3145 1054 3201 atque
1064 3140 1139 3186 etaiam
1151 3154 1215 3202 rogo,
1225 3139 1284 3188 Cic.

238 3212 266 3253 to
283 3219 408 3267 compose
428 3218 444 3252 a
464 3203 558 3266 special
584 3203 734 3251 treatise-
785 3205 857 3251 Fam.
878 3217 915 3267 ¹3·
936 3216 958 3269 5.
971 3204 1124 3268 3.-leges
1142 3205 1283 3254 historiae

238 3268 733 3335 primurn...deindezCiceromakes
784 3270 943 3334 neglegas:
968 3271 1000 3320 ct.
1020 3271 1074 3320 Cic.
1093 3273 1122 3319 de
1144 3273 1188 3320 Or.
1208 3286 1229 3320 2.
1249 3272 1282 3320 62

239 3347 288 3387 two
302 3344 420 3402 requests
433 3336 462 3384 oi
475 3335 611 3384 Lucceius:
626 3335 662 3399 (1)
677 3336 733 3384 that
785 3352 845 3384 nam
858 3339 916 3401 quis
929 3339 1007 3386 nescit
1017 3341 1133 3400 primam
1146 3355 1196 3386 esse
1208 3339 1284 3386 lenta

237 3405 270 3455 he
288 3405 354 3454 shall
366 3404 438 3452 write
453 3418 469 3450 a
485 3410 604 3466 separate
621 3400 733 3459 treatise,
785 3405 843 3451 riae*
862 3405 948 3468 legem,
973 3421 1003 3452 ne
1025 3405 1090 3468 quid
1107 3406 1179 3469 salsi
1199 3406 1284 3453 dicere

239 3472 275 3536 (2)
297 3472 353 3520 that
377 3471 409 3520 he
433 3469 498 3519 shall
523 3469 670 3533 emphasize
693 3469 734 3518 his
784 3471 897 3519 audeat?
922 3471 1012 3520 deinde
1029 3487 1061 3518 ne
1077 3473 1142 3535 quid
1156 3473 1213 3519 veri
1229 3487 1282 3519 non

237 3539 437 3588 achievements.
783 3538 898 3586 audeat?
922 3554 1034 3601 nequae
1053 3540 1162 3599 suspicio
1180 3539 1283 3600 gratiae

271 3618 294 3669 3.
312 3607 386 3654 bene
397 3612 425 3652 et
435 3603 556 3652 naviter:
570 3601 672 3651 archatc
681 3600 733 3652 and
784 3606 818 3652 sit
836 3605 864 3651 in
885 3604 1034 3653 scribendo?
1060 3621 1091 3652 ne
1110 3620 1175 3668 quae
1193 3606 1282 3652 simul·

237 3671 384 3734 colloquial.
420 3669 478 3718 The
491 3685 536 3718 use
554 3669 583 3717 ol
600 3671 658 3718 bene
670 3669 732 3718 with
784 3670 866 3719 tates?
876 3671 1212 3735 haecscilicetsundamenta
1222 3677 1282 3719 nota

229 3730 282 3786 'the
304 3737 376 3786 force
401 3737 429 3785 oi
457 3738 531 3784 valde
559 3743 587 3784 to
611 3735 733 3801 intensify
783 3737 979 3786 suntemm'bus.
1008 3739 1056 3786 See
1069 3738 1125 3786 also
1139 3738 1217 3802 Pliny,
1228 3739 1279 3800 Ep.
