2834 4326
204 287 239 340 44
542 285 710 337 crcuno‘s
734 285 907 336 currens.
1097 286 1158 353 [rep.
1173 289 1256 339 vrrr.

206 472 327 537 passus
345 461 451 530 esset,
476 453 576 517 fidem
593 452 763 536 recepisse
779 452 845 518 sibi
860 463 894 517 et
911 453 1022 537 ipsum
1047 465 1080 518 et
1099 455 1255 538 Appium

206 564 248 626 de
265 581 335 639 me;
359 562 446 626 hanc
463 561 492 625 si
510 562 564 625 ille
581 582 648 625 non
666 571 823 639 servaret,
842 561 890 627 ita
905 561 1050 626 laturum
1072 573 1109 627 ut
1134 585 1256 629 omnes

207 671 444 755 intellegerent
462 670 545 735 nihil
562 671 627 734 sibi
642 671 813 754 antiquius
831 671 978 736 amicitia
993 681 1110 737 nostra
1132 672 1252 738 fuisse.

168 854 171 860 ¹
209 781 304 844 Haec
322 789 355 843 et
373 779 407 843 in
425 799 498 844 eam
523 779 724 843 sententiam
750 800 826 844 cum
851 780 957 844 multa
972 780 1121 857 dixisset,
1140 781 1253 846 aiebat

207 888 299 951 illum
316 888 424 970 primo
441 907 521 951 sane
538 887 595 952 diu
612 887 718 951 multa
734 898 859 964 contra,
875 889 916 952 ad
934 899 1121 953 extremum
1138 900 1253 954 autem

208 1017 327 1060 manus
343 995 476 1059 dedisse
493 1005 527 1059 et
544 997 738 1060 adfirmasse
754 996 838 1059 nihil
855 1017 892 1061 se
909 1007 1026 1061 contra
1050 996 1121 1061 eius
1137 997 1255 1062 volun-

207 1113 313 1169 tatem
329 1124 405 1168 esse
421 1105 599 1169 iacturum.
650 1105 716 1169 Sed
735 1115 852 1187 postea
865 1114 976 1170 tamen
995 1105 1050 1169 ille
1067 1125 1134 1169 non
1151 1107 1255 1169 desti·
1333 1109 1341 1118 '

208 1213 250 1277 tit
267 1214 309 1277 de
326 1214 423 1278 nobis
439 1214 621 1295 asperrime
638 1213 744 1297 loqui;
760 1215 848 1296 quod
866 1214 895 1277 si
908 1235 976 1278 non
989 1214 1126 1290 faceret,
1138 1223 1252 1279 tamen

210 1321 240 1385 ei
265 1321 348 1385 nihil
373 1323 585 1386 crederemus
609 1331 710 1404 atque
734 1322 855 1398 omnia,
879 1323 965 1386 sicut
989 1322 1142 1398 facimus,
1161 1343 1256 1404 para-

177 1450 330 1501 3remus.
382 1432 481 1494 Nunc
499 1429 546 1493 ita
566 1450 627 1493 nos
651 1431 799 1514 gerimus
824 1440 860 1494 ut
887 1431 919 1492 in
945 1431 1016 1494 dies
1042 1430 1192 1514 singulos
1218 1441 1256 1496 et

210 1539 321 1602 studia
348 1538 382 1600 in
411 1559 473 1601 nos
505 1538 677 1602 hominum
711 1548 745 1602 et
777 1558 858 1620 opes
890 1549 1026 1603 nostrae
1054 1548 1254 1623 augeantur.

212 1648 298 1710 Rem
323 1646 489 1728 publicam
515 1646 606 1710 nulla
630 1668 670 1710 ex
701 1656 796 1729 parte
829 1647 1045 1730 attingimus;
1077 1647 1111 1711 in
1143 1648 1256 1712 causis

210 1763 311 1838 atque
328 1755 362 1817 in
380 1754 435 1817 illa
451 1774 551 1837 opera
567 1765 683 1818 nostra
699 1755 826 1819 forensi
851 1775 981 1819 summa
1005 1755 1169 1819 industria
1183 1777 1257 1820 ver-

212 1883 333 1939 samur,
351 1863 439 1946 quod
465 1864 599 1946 egregie
623 1884 691 1927 non
716 1865 814 1928 modo
840 1863 881 1927 iis
906 1863 963 1946 qui
987 1874 1130 1928 utuntur
1153 1885 1257 1947 opera

211 1981 335 2046 nostra,
351 1972 411 2034 sed
428 1971 529 2035 etiarn
547 1973 581 2034 in
598 1973 718 2055 vulgus
736 1982 868 2055 gratum
886 1992 961 2035 esse
979 1971 1153 2036 sentimus.
1188 1973 1257 2036 Do-

211 2099 285 2142 mus
310 2079 506 2156 celebratur‚
525 2081 725 2158 occurritur;
750 2091 930 2144 renovatur
953 2081 1113 2144 memoria
1137 2101 1257 2145 consu-

211 2188 308 2264 latus,
327 2188 437 2252 studia
454 2188 686 2271 significantur
693 2209 701 2266 ;
728 2189 761 2253 in
779 2210 851 2252 earn
874 2209 968 2271 spem
993 2188 1197 2264 adducimur,
1217 2199 1255 2253 ut

211 2296 308 2359 nobis
325 2317 365 2359 ea
387 2297 560 2361 contentio
577 2318 661 2380 quae
687 2297 858 2381 impendet
885 2299 1052 2362 interdum
1078 2318 1145 2361 non
1169 2298 1257 2381 fugi-

178 2389 298 2481 4'enda
313 2403 475 2470 videatur.
526 2407 626 2470 Nunc
643 2407 724 2470 mihi
742 2417 775 2470 et
794 2406 942 2472 consiliis
960 2428 1044 2489 opus
1061 2416 1113 2470 est
1135 2406 1202 2470 tuis
1221 2417 1256 2471 et

211 2532 324 2577 amore
352 2523 385 2576 et
413 2514 494 2591 fide;
527 2534 628 2597 quare
657 2514 784 2579 advola.
845 2515 1010 2597 Expedita
1042 2515 1123 2579 mihi
1155 2525 1256 2578 erunt

211 2654 276 2704 took
288 2669 361 2704 some
373 2662 431 2718 part
443 2655 469 2703 in
479 2655 523 2704 the
534 2655 705 2720 proceedings
758 2657 864 2722 quently
887 2656 1005 2714 omitted,
1029 2672 1058 2706 as
1081 2657 1150 2714 here,
1169 2656 1194 2704 in
1218 2672 1257 2706 re-

211 2721 240 2770 οἱ
260 2721 304 2770 the
321 2723 421 2770 comitia
438 2724 538 2770 curiata
556 2723 630 2771 when
648 2722 707 2772 Clo·
757 2724 862 2787 porting
883 2724 927 2772 the
945 2723 1029 2773 words
1049 2723 1078 2772 of
1097 2723 1215 2773 another.

210 2787 269 2837 dius
281 2803 333 2837 was
345 2787 470 2852 adopted;
482 2789 515 2838 cf.
528 2791 581 2838 Att.
596 2803 617 2837 z.
632 2803 670 2838 12.
684 2803 705 2838 r.
792 2805 815 2856 3.
828 2790 857 2840 in
870 2791 978 2840 causis:
990 2791 1016 2838 in
1029 2790 1080 2840 this
1089 2806 1150 2855 year
1161 2790 1256 2840 Cicero

210 2855 342 2903 —hdem
365 2856 520 2918 recepisse,
545 2864 605 2905 etc:
630 2855 706 2909 ‘both
758 2855 887 2906 delivered
917 2858 1032 2906 orations
1057 2857 1084 2905 in
1110 2856 1199 2905 behalf
1226 2857 1257 2904 of

212 2920 321 2970 Clodius
344 2921 395 2970 and
420 2922 521 2986 Appius
544 2922 611 2971 have
629 2924 706 2986 given
759 2924 789 2973 C.
803 2924 943 2980 Antonius,
955 2923 984 2972 of
1001 2924 1033 2971 Α.
1053 2924 1190 2981 Thermus,
1202 2922 1255 2972 and

211 2988 265 3036 him
284 2988 421 3053 (Pompey)
441 3003 458 3037 a
477 2989 590 3052 promise
610 2998 657 3038 not
679 2999 706 3039 to
759 2991 787 3039 ol
800 2992 828 3039 L.
843 2991 958 3040 Flaccus.
994 2989 1030 3038 Or
1042 2990 1257 3053 theseaportion

211 3055 299 3102 attack
316 3054 374 3103 me!
405 3057 507 3117 Recr'pio
518 3056 544 3104 in
563 3056 614 3105 this
631 3073 707 3106 sense
759 3057 789 3105 of
805 3057 850 3106 the
862 3057 964 3106 oration
980 3056 1023 3105 for
1036 3058 1144 3106 Flaccus
1161 3056 1183 3105 is
1200 3072 1256 3120 pre·

211 3121 233 3170 is
245 3121 391 3186 colloquial.
427 3122 484 3171 The
495 3122 545 3171 full
557 3125 707 3187 expression
759 3123 1089 3174 served.-occurritur:
1119 3138 1178 3172 men
1207 3139 1255 3171 run

211 3188 277 3237 isin
294 3203 334 3236 me
349 3189 640 3253 nupia-Appium:
657 3191 708 3254 Ap
759 3198 788 3239 to
806 3198 873 3240 meet
892 3206 933 3239 me
948 3191 1020 3239 when
1040 3190 1052 3238 1
1070 3205 1166 3254 appear
1183 3205 1256 3253 upon

211 3254 270 3318 pius
282 3253 407 3304 Claudius
419 3256 536 3314 Pulcher,
546 3257 590 3305 the
602 3257 709 3305 brother
760 3257 804 3307 the
822 3265 908 3307 street.

212 3320 241 3369 of
249 3320 365 3380 Clodius,
372 3321 424 3370 had
431 3322 619 3373 beenCicero’s
625 3322 708 3372 friend
793 3339 817 3384 4.
831 3325 973 3388 expedita,
982 3330 1039 3372 eto:
1053 3323 1145 3372 Cicero
1155 3323 1181 3372 in
1190 3323 1257 3371 later

213 3388 276 3437 until
292 3388 337 3437 the
351 3389 452 3453 quarrel
464 3389 525 3438 with
544 3390 653 3439 Clodius
669 3405 709 3439 oc·
760 3405 833 3456 years
846 3390 890 3440 did
906 3398 952 3440 not
970 3389 1089 3440 consider
1106 3390 1150 3438 the
1165 3389 1256 3439 advice

212 3453 310 3504 curred.
336 3456 379 3504 He
392 3471 443 3505 was
453 3456 479 3504 in
494 3469 522 3521 52
535 3468 583 3505 uc.
594 3456 709 3506 Cicero's
760 3457 789 3506 of
813 3458 924 3514 Atticus,
945 3457 1003 3505 who
1025 3472 1096 3505 came
1118 3464 1146 3504 to
1171 3457 1256 3505 Rome

211 3521 420 3585 predecessoras
433 3538 562 3586 governor
570 3524 598 3571 of
611 3524 708 3572 Cilicia.
761 3531 788 3572 to
809 3525 869 3588 help
886 3524 948 3582 him,
967 3539 997 3573 so
1020 3522 1150 3587 judicious
1173 3539 1202 3571 as
1223 3523 1256 3572 he

212 3588 270 3637 The
285 3602 314 3653 13
330 3589 420 3638 letters
438 3590 466 3637 of
485 3589 532 3638 Bk.
545 3603 568 3654 3,
581 3592 618 3638 ad
627 3593 708 3645 birni..
760 3590 812 3639 had
835 3590 922 3655 hoped
941 3591 961 3639 it
978 3589 1064 3639 would
1087 3589 1130 3649 be;
1154 3590 1187 3638 cf.
1207 3590 1255 3652 Ep.

212 3669 255 3704 are
280 3654 422 3705 addressed
446 3662 474 3704 to
499 3656 560 3705 him.
573 3656 709 3706 -multa
761 3657 820 3706 XV.
841 3672 850 3705 1
868 3658 978 3722 (written
996 3657 1023 3704 in
1042 3668 1071 3721 57
1091 3655 1153 3720 uc.)
1172 3673 1257 3720 cogno

212 3728 311 3769 contra
340 3738 373 3770 sc.
388 3722 510 3786 demissa:
534 3722 566 3770 cf.
587 3724 649 3770 lntr.
667 3736 708 3786 95.
760 3739 817 3772 ram
831 3759 837 3771 .
851 3759 856 3771 .
870 3759 876 3770 .
889 3727 950 3772 tein
962 3725 1075 3771 consiliis
1086 3723 1153 3770 mihi
1162 3724 1256 3772 dandis

213 3786 270 3834 The
288 3722 350 3836 veri)
368 3786 397 3835 of
421 3789 513 3854 saying
535 3789 644 3837 ismost
660 3789 709 3838 fre·
760 3806 807 3848 nec¹
823 3791 962 3852 fortiorem
992 3805 1037 3838 nec
1060 3790 1254 3854 prudentiorem
