2834 4326
202 305 235 356 32
544 305 712 356 CICERO’S
737 306 912 357 LETTERS.
1127 308 1190 375 [Ep.
1204 311 1256 362 VI.
1410 255 1411 294 l

203 475 275 538 eius
293 475 440 539 animum
459 484 492 539 et
514 475 678 538 insedisse
695 476 856 558 quasdam
877 475 1011 540 odiosas
1029 477 1253 559 suspicioneS,

202 585 323 667 quibus
341 604 404 665 ego
421 583 549 646 mederi
571 604 647 646 cum
673 603 829 664 cuperem
854 586 954 648 antea
978 605 1078 667 saepe
1104 595 1136 648 et
1153 587 1254 650 vehe-

202 693 349 755 mentius
368 693 468 754 etiam
486 701 562 773 post
581 672 792 754 sortitionem
810 691 1011 774 provinciae,
1030 713 1092 757 nec
1116 702 1253 760 tanturn

202 801 438 882 intellegebam
462 800 492 862 ei
518 820 593 862 esse
610 800 808 863 offensionis
825 810 988 886 quantum
1013 801 1146 866 litterae
1170 813 1252 868 tuae

202 910 420 984 declararunt,
440 929 501 971 nec
518 917 650 971 tantum
674 909 887 990 proficiebam
904 919 1068 991 quantum
1084 911 1249 978 volebam.

168 1039 182 1073 2
203 1018 269 1082 Sed
294 1027 407 1080 tamen
433 1017 496 1080 hoc
520 1037 573 1079 me
598 1016 671 1098 ipse
693 1016 898 1093 consolabar,
917 1018 1006 1100 quod
1031 1039 1099 1081 non
1122 1020 1251 1084 dubita-

201 1128 277 1189 bam
294 1126 374 1209 quin
391 1135 426 1188 te
443 1125 498 1187 ille
516 1135 573 1196 aut
592 1125 757 1210 Dyrrachi
774 1133 832 1188 aut
857 1125 891 1187 in
916 1126 991 1189 istis
1015 1127 1098 1191 locis
1118 1129 1249 1210 uspiam

199 1236 331 1298 visurus
349 1243 455 1311 esset;
478 1234 565 1316 quod
584 1254 660 1297 cum
677 1234 865 1309 accidisset,
885 1235 1093 1299 confidebam
1110 1257 1149 1300 ac
1166 1237 1250 1300 mihi

200 1364 428 1426 persuaseram
453 1342 526 1405 iore
551 1352 589 1405 ut
614 1343 726 1405 omnia
750 1341 963 1424 placarentur
987 1343 1160 1420 intervos,
1180 1366 1249 1409 non

200 1454 297 1515 modo
316 1471 470 1514 sermone
487 1472 525 1514 ac
542 1451 780 1533 disputatione,
800 1451 860 1514 sed
878 1463 1063 1534 conspectu
1081 1453 1154 1535 ipso
1172 1475 1249 1517 con-

200 1582 383 1644 gressuque
407 1570 530 1623 vestr0.
582 1560 670 1622 Nam
695 1568 821 1642 quanta
853 1559 896 1622 sit
930 1560 964 1622 in
991 1561 1118 1643 Quinto
1143 1563 1249 1626 fratre

200 1691 273 1734 meo
300 1669 449 1745 comitas,
477 1679 604 1751 quanta
628 1667 828 1745 iucunditas,
856 1690 955 1752 quam
981 1669 1090 1733 mollis
1115 1671 1248 1735 animus

200 1788 233 1841 et
251 1780 291 1842 ad
309 1778 536 1859 accipiendam
555 1787 587 1840 et
605 1777 647 1839 ad
664 1778 896 1858 deponendam
914 1777 1148 1855 offensionem,
1164 1779 1248 1842 nihil

199 1889 319 1951 attinet
346 1908 399 1949 me
423 1887 465 1949 ad
490 1896 533 1961 te,
557 1886 614 1969 qui
639 1905 677 1948 ea
702 1886 801 1960 nosti,
827 1887 982 1951 scribere.
1035 1886 1102 1950 Sed
1126 1888 1248 1952 accidit

198 1996 480 2079 perincommode,
493 1995 581 2077 quod
600 2015 677 2057 eum
695 2015 859 2077 nusquam
873 1995 997 2081 vidisti.
1023 1995 1139 2058 Valuit
1157 1996 1246 2061 enim

198 2106 273 2187 plus
298 2105 386 2187 quod
413 2113 483 2166 erat
510 2103 560 2165 illi
589 2103 826 2166 nonnullorum
859 2103 1008 2167 artificiis
1042 2103 1246 2168 inculcatum
1340 2105 1342 2107 ’

199 2236 297 2297 quam
315 2223 371 2276 aut
390 2213 536 2276 officium
553 2222 609 2275 aut
627 2212 843 2275 necessitudo
864 2222 920 2282 aut
945 2233 1038 2275 amor
1054 2223 1167 2276 vester
1191 2214 1247 2276 ille

166 2323 369 2405 3pristinuS,
397 2321 454 2404 qui
484 2321 662 2403 plurimum
687 2321 797 2383 valere
823 2321 951 2386 debuit.
1000 2321 1118 2404 Atque
1146 2323 1246 2386 huius

199 2431 402 2494 incommodi
428 2430 525 2512 culpa
551 2429 608 2492 ubi
632 2429 786 2505 resideat,
813 2429 947 2493 facilius
972 2450 1110 2512 possum
1136 2430 1247 2494 existi-

198 2561 288 2602 mare
313 2560 412 2622 quam
438 2539 597 2616 scribere;
630 2558 748 2600 vereor
772 2538 862 2601 enim
887 2559 940 2614 ne,
963 2539 1041 2602 dum
1067 2539 1244 2603 defendam

198 2670 300 2724 meos,
319 2669 386 2711 non
411 2668 545 2730 parcam
569 2648 646 2711 tuis.
698 2647 784 2709 Nam
811 2647 858 2712 sic
883 2646 1053 2730 intellego,
1072 2657 1109 2709 ut
1127 2647 1247 2712 nihila

199 2757 392 2820 domesticis
409 2755 556 2819 vulneris
580 2755 707 2819 factum
733 2755 786 2832 sit,
807 2755 888 2818 illud
908 2755 1041 2838 quidem
1059 2757 1149 2839 quod
1174 2766 1245 2822 erat

199 2887 256 2930 eos
281 2875 371 2929 certe
397 2885 513 2929 sanare
538 2865 697 2946 potuisse.
749 2863 816 2928 Sed
843 2865 982 2928 huiusce
1007 2865 1054 2928 rei
1080 2865 1183 2928 totius
1200 2865 1246 2928 vi-

198 3019 391 3068 -insedissez
399 3035 432 3067 sc.
439 3019 468 3066 in
475 3020 696 3067 anima-antea
785 3030 807 3080 3.
826 3017 959 3067 facilius.
971 3052 979 3066 .
990 3052 996 3066 .
1007 3017 1144 3067 scribere:
1153 3018 1247 3068 Cicero

199 3099 299 3149 saepe:
322 3085 343 3134 it
361 3085 383 3134 is
401 3083 505 3133 evident
524 3084 580 3133 that
600 3085 644 3134 the
662 3084 698 3132 ill·
751 3083 860 3132 touches
877 3099 948 3146 upon
967 3098 1017 3132 one
1042 3082 1071 3132 of
1093 3084 1137 3132 the
1155 3084 1248 3133 funda-

198 3152 294 3215 feeling
301 3150 330 3199 of
337 3151 454 3213 Quintus
461 3150 602 3200 antedated
610 3151 655 3199 the
662 3166 697 3199 re
751 3150 847 3198 mental
855 3149 907 3198 and
918 3149 1049 3199 unknown
1059 3165 1151 3200 causes
1161 3151 1191 3199 oi
1202 3151 1247 3201 the

197 3217 303 3268 fusalof
314 3219 417 3266 Atticus
431 3226 459 3265 to
471 3232 545 3265 serve
555 3219 696 3280 aslegatus.
751 3217 848 3280 enmity
868 3215 898 3264 ol
928 3217 1049 3277 Quintus,
1070 3217 1161 3276 which,
1178 3217 1247 3267 how·

233 3299 254 3334 2.
272 3285 302 3334 in
314 3284 379 3334 istis
395 3284 479 3332 locis:
497 3284 534 3331 ie.
550 3284 574 3332 in
594 3284 696 3347 Epirus,
750 3299 817 3340 ever,
830 3283 863 3331 he
881 3282 945 3332 does
963 3291 1010 3332 not
1023 3282 1085 3332 dare
1102 3291 1170 3333 state
1187 3285 1213 3333 in
1231 3300 1248 3334 a

198 3353 282 3402 where
295 3353 398 3401 Atticus
411 3367 469 3399 now
477 3365 536 3399 was.
555 3351 596 3399 Cf.
608 3351 655 3413 Ep.
665 3351 697 3398 V.
749 3350 874 3399 letter.—
883 3364 965 3400 meos
980 3386 986 3400 .
1000 3387 1005 3398 .
1021 3385 1027 3399 .
1041 3351 1110 3400 tuis:
1131 3351 1176 3400 the
1192 3352 1248 3417 plu-

201 3418 387 3486 15n.-nihil
413 3421 526 3469 attinet:
550 3418 582 3466 cl.
602 3420 632 3467 de
649 3435 698 3482 quo
749 3419 787 3466 ral
805 3416 869 3466 used
887 3417 1051 3483 politelyior
1071 3418 1115 3471 the
1132 3419 1248 3482 singular

197 3488 263 3551 quid
276 3489 391 3544 sentiam,
413 3487 483 3534 nitet
503 3488 593 3535 attinet
608 3487 695 3541 dicere,
751 3485 793 3548 (cf.
817 3501 860 3549 ego
882 3492 972 3542 autem,
998 3485 1045 3548 Ep.
1072 3485 1134 3534 VH.
1160 3485 1193 3550 1),
1217 3501 1247 3536 as

198 3557 270 3604 Fam.
288 3569 311 3614 4.
330 3567 353 3615 7.
373 3552 695 3617 3.-perineommode:
749 3551 841 3600 Cicero
865 3567 913 3601 can
936 3551 968 3601 be
993 3551 1114 3616 thinking
1138 3552 1199 3618 only
1218 3553 1248 3602 of

198 3621 229 3670 cf.
245 3622 306 3669 intr.
319 3619 608 3681 77.-nonnullorum
623 3618 696 3667 arti·
748 3618 863 3678 Quintus
892 3618 943 3667 and
974 3619 1120 3682 Pomponia
1149 3635 1247 3684 respec-

198 3687 280 3736 ficiis:
302 3687 346 3735 the
365 3701 445 3748 anger
463 3686 492 3733 of
510 3684 625 3746 Quintus
643 3683 696 3732 had
748 3685 834 3750 tively.
846 3712 879 3720 —
893 3692 925 3735 ut
948 3684 1027 3743 nihil,
1045 3688 1174 3749 grenting
1193 3688 1249 3736 thar

197 3752 327 3817 evidently
345 3752 410 3801 been
430 3750 552 3800 inflamed
571 3750 605 3816 by
622 3765 695 3800 some
747 3767 787 3807 no,
807 3750 1089 3800 etc-domesticis:
1110 3753 1148 3800 ie.
1171 3753 1246 3804 Pom·

197 3819 226 3868 οἱ
243 3819 288 3868 the
306 3819 420 3869 enemies
437 3817 466 3866 of
483 3817 593 3866 Atticus.
746 3817 833 3881 ponia-
