2814 4328
229 249 277 301 188
567 252 734 304 CICERO’S
758 255 931 306 LETTERS.
1121 257 1184 325 [Ep.
1197 258 1275 308 LXI.

227 420 325 484 video
341 421 429 504 quod
448 420 593 498 timeam,
613 420 678 486 nisi
693 423 782 506 quod
802 423 914 487 omnia
932 433 1012 488 sunt
1036 423 1174 501 incerta,
1193 447 1275 491 cum

227 549 247 592 a
270 529 342 592 iure
365 513 551 593 discessum
575 539 637 606 est,
663 550 726 594 nec
758 531 920 612 praestari
942 531 1118 616 quicquam
1141 543 1272 616 potest,

227 637 324 720 quale
344 637 494 701 futurum
514 638 559 701 sit
581 638 669 720 quod
693 638 840 722 positum
864 648 916 703 est
942 639 975 703 in
1000 640 1136 705 alterius
1152 641 1273 706 volun-

227 755 306 821 tate,
325 765 369 809 ne
392 747 500 809 dicam
525 745 672 811 libidine.
723 745 790 812 Sed
814 757 928 811 tamen
952 746 1023 812 eius
1048 747 1152 832 ipsius
1177 750 1274 816 nulla

227 875 263 917 re
278 875 298 917 a
314 875 368 918 me
387 855 539 918 offensus
561 863 613 919 est
637 855 782 932 animus;
809 865 860 920 est
886 855 974 919 enim
998 856 1147 921 adhibita
1172 858 1205 921 in
1231 879 1274 924 ea

227 983 262 1026 re
279 964 352 1045 ipsa
368 983 497 1026 summa
513 984 532 1025 a
548 962 645 1027 nobis
663 963 856 1030 moderatio,
904 965 951 1028 Vt
971 963 1061 1028 enim
1083 965 1162 1029 olim
1185 967 1273 1031 arbi-

227 1072 339 1135 trabar
364 1091 439 1135 esse
467 1092 578 1135 meum
604 1071 709 1136 libere
734 1071 834 1157 loqui,
862 1072 956 1137 cuius
984 1093 1086 1156 opera
1113 1083 1204 1138 esset
1235 1075 1272 1139 in

228 1179 362 1244 civitate
387 1179 534 1254 libertas,
561 1179 609 1244 sic
632 1200 672 1244 ea
695 1201 785 1245 nunc
807 1181 932 1245 amissa
954 1181 1037 1245 nihil
1061 1181 1150 1265 loqui
1179 1185 1272 1266 quod

226 1288 376 1352 offendat
400 1297 458 1352 aut
490 1288 577 1352 illius
609 1297 666 1352 aut
695 1308 810 1353 eorum
841 1289 897 1373 qui
925 1290 967 1353 ab
999 1288 1056 1354 illo
1083 1290 1273 1374 diliguntur

226 1397 441 1461 voluntatem.
504 1397 666 1479 Effugere
697 1407 809 1462 autem
841 1397 870 1462 si
899 1397 1000 1462 velim
1031 1398 1271 1464 nonnullorum

226 1515 323 1570 acute
339 1515 397 1568 aut
412 1505 523 1569 facete
539 1505 703 1570 dictomm
720 1486 922 1588 opinionem,
940 1506 1031 1570 fama
1047 1507 1161 1590 ingeni
1186 1507 1273 1571 mihi

192 1623 279 1682 test
303 1613 486 1690 abicienda,
511 1614 609 1697 quod,
635 1613 665 1678 si
689 1633 831 1696 possem,
858 1635 925 1678 non
951 1634 1148 1679 recusarem.
1200 1614 1272 1681 Sed

226 1731 338 1786 tamen
356 1722 427 1804 ipse
449 1722 574 1786 Caesar
596 1721 698 1786 habet
722 1743 858 1804 peracre
881 1723 1049 1799 iudicium,
1068 1732 1111 1799 et,
1130 1733 1167 1787 ut
1193 1723 1274 1788 Ser-

171 1826 178 1836 ’
226 1831 308 1905 vius,
334 1830 439 1894 frater
466 1840 554 1906 tuus,
579 1851 678 1914 quem
710 1829 992 1895 litteratissimum
1015 1831 1122 1896 fuisse
1147 1832 1271 1910 iudico,

225 1940 324 2003 facile
352 1939 477 2003 diceret
512 1939 599 2004 ‘Hic
626 1959 743 2003 versus
776 1940 883 2003 Plauti
914 1959 981 2004 non
1010 1949 1072 2016 est,
1106 1941 1159 2004 hic
1192 1941 1271 2016 est,'

226 2049 313 2131 quod
330 2047 427 2110 tritas
443 2048 531 2111 auris
548 2047 687 2112 haberet
709 2047 865 2112 notandis
889 2049 1069 2131 generibus
1093 2058 1272 2132 poetarum

226 2166 260 2220 et
277 2156 521 2220 consuetudine
537 2156 680 2239 legendi,
700 2156 748 2220 sic
764 2156 863 2220 audio
880 2155 1067 2232 Caesarem,
1086 2177 1162 2220 cum
1178 2157 1273 2222 volu-

226 2265 316 2329 mina
340 2264 404 2328 iam
429 2263 611 2328 confecerit
637 2260 914 2347 ἀποφθεγμάτων,
934 2265 963 2328 si
987 2265 1075 2347 quod
1099 2264 1274 2329 adferatur

122 2369 125 2376 ’
226 2375 267 2438 ad
292 2394 368 2437 eum
392 2393 452 2455 pro
467 2389 560 2448 meo,
579 2374 665 2456 quod
691 2393 802 2437 meum
826 2392 894 2436 non
919 2373 971 2448 sit,
997 2373 1122 2436 reicere
1146 2372 1271 2451 solere;

260 2573 283 2622 3.
301 2558 385 2609 cuius
402 2572 507 2622 opera:
525 2575 557 2607 sc.
569 2558 595 2606 in
608 2556 652 2607 the
663 2573 723 2622 sup-
771 2573 829 2622 pus,
841 2559 900 2606 item
914 2557 992 2607 Dicta
1010 2557 1187 2621 Collectanea3
1204 2575 1271 2624 quos

226 2625 344 2689 pression
362 2624 391 2673 oi
413 2625 458 2674 the
476 2624 645 2673 Catilinarian
663 2639 722 2674 con·
772 2640 857 2674 amnes
867 2625 963 2674 libellos
974 2625 1055 2674 vetuit
1065 2626 1198 2688 Augustus
1205 2627 1271 2689 pub

226 2692 335 2757 spiracy.
771 2692 850 2741 licari
870 2693 900 2739 in
925 2692 1040 2754 epistula,
1062 2707 1139 2755 quom
1168 2693 1268 2740 brevem

259 2772 283 2818 4.
302 2759 437 2808 Servius:
451 2759 505 2808 Ser.
518 2757 722 2815 Claudiusson-
771 2758 908 2807 admodum
926 2775 955 2806 ac
977 2759 1114 2820 simplicem
1136 2759 1174 2807 od
1193 2759 1268 2806 Pom·

226 2825 311 2873 in-law
322 2825 351 2873 of
368 2826 413 2873 the
428 2826 530 2873 Roman
547 2825 721 2888 grammarian
767 2827 855 2887 peium
885 2815 1016 2881 Moci-um,
1039 2826 1083 2873 cui
1108 2825 1270 2872 ordinandas

228 2893 257 2940 L.
269 2892 359 2941 Aelius
372 2891 439 2941 Stilo
453 2891 496 2955 (ci.
508 2892 578 2940 Suet.
588 2892 619 2940 de
633 2893 721 2940 Grom.
772 2892 927 2940 bibliothecas
955 2891 1120 2955 delegaverat,
1149 2892 1270 2939 misit.-

227 2958 262 3022 3),
286 2957 337 3006 and
361 2973 377 3007 a
400 2958 560 3007 well-known
587 2957 672 3007 editor
694 2957 723 3006 oi
772 2959 849 3022 quod
872 2971 971 3008 meum
995 2972 1053 3007 non
1078 2957 1135 3006 siti
1164 2957 1197 3006 ef.
1215 2965 1270 3020 pro

229 3025 336 3073 Plautus
347 3024 389 3089 (ef.
400 3025 460 3074 Aul.
471 3025 536 3074 Gell.
548 3039 570 3089 3.
584 3039 606 3089 3.
621 3023 653 3088 1).
679 3025 722 3072 He
772 3026 862 3074 Plane.
873 3026 981 3089 35quod
989 3027 1095 3088 quisque
1105 3025 1179 3081 dixit,
1189 3039 1229 3071 me
1240 3025 1273 3074 id

226 3106 279 3140 was
290 3091 335 3140 the
351 3093 442 3141 cousin
460 3107 491 3140 or
506 3091 678 3141 half-brother
694 3091 724 3140 oi
772 3093 868 3140 dixisse
884 3093 1012 3140 dieunt..
1026 3127 1032 3140 .
1046 3090 1195 3148 stomachor,
1209 3106 1268 3138 cum

229 3159 323 3208 Paetus
336 3157 379 3223 (cf.
393 3160 445 3206 Aet.
460 3172 481 3206 1.
495 3173 533 3206 20.
547 3171 579 3219 73
599 3158 721 3219 2.1.12).
771 3161 884 3208 aliorum
897 3174 948 3206 non
965 3159 1094 3221 medigna
1112 3159 1141 3205 in
1158 3173 1197 3205 me
1212 3173 1269 3205 com·

226 3224 405 3274 -notandis
435 3225 591 3289 generibus
619 3233 722 3289 poeta·
765 3226 914 3289 strumum
933 3226 1005 3273 Fam.
1018 3237 1041 3285 7.
1055 3237 1094 3288 32.
1111 3237 1121 3273 r
1138 3225 1178 3272 ais
1189 3225 1268 3281 enim,

227 3305 308 3341 rum:
326 3293 365 3340 i.e.
377 3291 410 3357 by
425 3292 542 3355 noticing
559 3292 603 3341 the
621 3292 722 3341 charac-
772 3298 802 3340 ut
817 3307 858 3355 ego
873 3292 1027 3340 discesserim
1043 3291 1081 3355 (to
1094 3290 1203 3353 Cilicia),
1215 3306 1269 3338 om·

227 3358 336 3406 teristics
353 3358 382 3407 of
399 3358 443 3408 the
461 3357 582 3408 different
599 3367 723 3421 poeta-
772 3360 817 3406 nia
835 3361 949 3407 omnium
967 3359 1034 3408 dicta
1051 3359 1141 3406 ...in
1158 3373 1197 3406 me
1213 3373 1270 3405 com·

225 3422 453 3488 ᾱποῲθιγμάτωνε
483 3425 540 3474 that
569 3425 667 3474 Caesar
694 3424 722 3473 in
764 3425 844 3488 ferri.
881 3424 974 3484 Quid?
996 3432 1024 3473 tu
1039 3425 1069 3472 id
1079 3423 1197 3486 poteras?
1215 3439 1269 3472 non

226 3491 267 3539 his
289 3491 372 3556 youth
396 3489 472 3540 made
494 3507 511 3540 a
533 3492 671 3541 collection
694 3490 724 3539 of
773 3491 1267 3555 medesendislnonresistislequidem

226 3557 370 3606 witticisms
392 3573 431 3608 we
453 3558 532 3607 know
552 3557 621 3607 from
649 3558 721 3614 Suet.
772 3558 902 3620 sperabam
922 3559 958 3606 ita
979 3564 1065 3606 notata
1079 3573 1119 3605 me
1135 3557 1271 3620 reliquisse

226 3625 279 3671 Iul.
299 3623 330 3688 56
341 3624 474 3687 feruntur
488 3632 513 3673 et
527 3641 543 3672 a
556 3632 638 3686 puero
653 3631 679 3672 et
692 3625 723 3672 ob
769 3639 864 3686 genera
892 3625 1017 3674 dictorum
1044 3639 1158 3672 meorum
1182 3630 1212 3672 ut
1233 3639 1271 3671 co-

225 3689 413 3738 adulescentulo
429 3691 554 3752 quaedam
571 3692 674 3753 scripto,
693 3698 724 3738 ut
768 3692 859 3752 gnossi
872 3707 920 3738 sua
933 3697 1020 3752 sponte
1026 3696 1135 3751 possent.
1171 3688 1208 3738 of
1224 3689 1270 3740 the

228 3752 331 3802 Laudes
353 3754 483 3813 Herculis,
500 3757 627 3818 tragoedia
646 3755 722 3806 Oedi·
773 3757 820 3804 ioci
842 3757 971 3805 Ciceronis
993 3757 1019 3804 in
1043 3755 1110 3805 their
1131 3755 1272 3818 published
