2780 4332
114 367 192 418 Fam.
205 381 228 432 9.
243 364 296 429 24]
458 363 628 414 CICERO'S
653 364 827 414 LETTERS.
1119 361 1170 419 273

115 555 239 609 essem,
260 555 335 598 cum
359 542 396 597 te
414 541 592 616 tantopere
613 532 761 596 viderem
785 533 857 598 eius
878 554 979 598 causa
1002 533 1169 612 laborare3

116 663 193 709 cum
219 661 302 706 vero
327 651 361 705 et
386 662 427 705 ex
453 641 522 705 tuis
544 641 667 704 litteris
689 651 723 704 et
746 662 787 705 ex
806 641 897 706 illius
919 643 960 706 ad
981 662 1034 706 me
1056 643 1168 707 missis

116 752 315 834 intellegam
335 760 369 814 et
391 749 534 814 iudicem
557 770 699 832 magnae
722 770 822 813 curae
842 750 873 814 ei
895 751 1037 815 salutem
1060 771 1168 815 meam
1238 773 1243 784 ·

116 860 236 935 fuisse,
263 879 331 922 non
356 878 494 941 possum
520 857 552 922 ei
576 878 644 921 non
668 858 796 922 amicus
821 878 907 933 esse,
926 879 1036 942 neque
1061 861 1168 924 solum

118 980 178 1033 tua
211 967 514 1042 commendatione,
541 986 627 1049 quae
659 966 747 1049 apud
780 987 843 1044 me,
875 976 911 1031 ut
943 968 1053 1043 debet,
1080 968 1167 1031 valet

118 1077 309 1160 plurimum,
329 1077 388 1140 sed
413 1075 514 1138 etiam
538 1075 713 1138 voluntate
737 1096 777 1139 ac
800 1075 924 1140 iudicio
949 1096 1033 1140 me0.
1081 1076 1168 1139 Volo

118 1186 209 1250 enim
242 1195 277 1248 te
302 1184 398 1258 scire,
426 1184 473 1246 mi
507 1184 617 1273 Paete,
645 1183 777 1248 initium
801 1184 883 1248 mihi
908 1184 1109 1267 suspicionis
1134 1193 1168 1248 et

119 1293 288 1359 cautionis
311 1302 344 1356 et
370 1292 563 1375 diligentiae
584 1291 690 1356 fuisse
713 1291 842 1356 litteras
865 1301 951 1368 tuas,
970 1293 1091 1375 quibus
1118 1293 1169 1356 lit-

119 1403 201 1466 teris
220 1410 447 1484 congruentes
464 1401 603 1464 iuerunt
620 1401 704 1465 aliae
722 1411 840 1483 postea
855 1402 1045 1466 multorum.
1080 1402 1167 1465 Nam

120 1520 153 1575 et
184 1510 314 1592 Aquini
346 1518 379 1573 et
409 1509 623 1573 Fabrateriae
651 1508 792 1573 consilia
821 1518 899 1573 sunt
931 1509 1023 1573 inita·
1046 1510 1088 1573 de
1115 1530 1169 1573 me

120 1639 206 1702 quae
229 1629 264 1681 te
279 1617 377 1681 video
402 1616 581 1693 inaudisse,
600 1626 644 1692 et,
671 1617 767 1700 quasi
792 1617 981 1681 divinarent
1006 1638 1105 1701 quam
1129 1618 1169 1681 iis

121 1726 286 1790 molestus
305 1746 414 1790 essem
436 1725 581 1801 iuturus,
600 1725 683 1789 nihil
703 1725 791 1788 aliud
814 1734 957 1808 egerunt
979 1726 1115 1789 nisime
1132 1736 1169 1789 ut

121 1833 352 1919 opprimerent
366 1855 373 1910 ;
392 1834 480 1917 quod
494 1853 557 1916 ego
570 1853 638 1897 non
652 1834 826 1916 suspicans
841 1833 1005 1897 incautior
1016 1834 1167 1909 fuissem,

122 1942 187 2007 nisi
217 1963 236 2006 a
268 1951 303 2006 te
335 1942 528 2006 admonitus
561 1962 681 2006 essem.
732 1941 961 2026 Quamobrem
993 1942 1058 2006 iste
1090 1953 1169 2006 tuus

122 2051 250 2116 amicus
268 2053 355 2133 apud
373 2070 427 2114 me
444 2051 735 2118 commendatione
752 2071 820 2114 non
838 2059 924 2133 eget.
973 2050 1113 2115 Vtinam
1131 2053 1170 2114 ea

121 2161 261 2224 fortuna
282 2159 330 2222 rei
355 2180 386 2242 p.
413 2159 454 2223 sit
473 2168 510 2222 ut
528 2159 583 2222 ille
600 2179 654 2222 me
675 2159 785 2222 'virum
809 2159 1037 2242 gratissimum
1063 2160 1170 2242 possit

120 2269 344 2352 cognoscere!
393 2267 461 2333 Sed
485 2268 567 2332 haec
592 2267 765 2332 hactenus.
815 2268 931 2331 Tead
958 2288 1058 2332 cenas
1087 2269 1203 2332 itare2

120 2377 254 2441 desisse
280 2367 421 2440 moleste
443 2376 531 2453 iero;
555 2396 678 2459 magna
699 2376 789 2440 enim
817 2384 852 2439 te
883 2376 1107 2441 delectatione
1136 2387 1169 2440 et

121 2485 297 2568 voluptate
328 2484 483 2568 privasti;
515 2483 638 2548 deinde
662 2485 764 2548 etiam
789 2484 1055 2549 vereor—licet
1080 2485 1170 2548 enim

120 2614 240 2658 verum
276 2593 500 2657 dicere-ne
536 2593 651 2658 nescio
691 2593 770 2676 quid
804 2593 885 2656 illud
917 2594 1008 2677 quod
1039 2593 1171 2658 solebas

15 2685 22 2703 ⁶
121 2703 277 2766 dediscas
301 2710 335 2765 et
360 2701 566 2778 obliviscare,
586 2702 723 2766 cenulas
746 2702 867 2766 facere.
919 2702 1017 2776 Nam,
1044 2702 1170 2766 situm

122 2831 201 2874 cum
226 2810 374 2873 habebas
398 2829 482 2893 quos
507 2809 675 2873 imitarere
699 2830 767 2874 non
792 2810 935 2874 multum
961 2810 1169 2892 proficiebas,

122 2918 204 3001 quid
222 2938 310 2982 nunc
328 2926 363 2981 te
378 2917 546 2982 facturum
563 2919 699 3000 putem?
749 2917 917 3000 Spurinna
930 2918 1074 3001 quidem,
1094 2939 1168 2983 cum

122 3075 194 3126 what
212 3075 234 3124 is
253 3075 310 3124 told
328 3091 359 3125 us
377 3075 403 3124 in
420 3075 473 3125 this
495 3076 623 3125 letien-
674 3075 824 3141 vigorously
845 3075 871 3124 in
890 3074 935 3125 the
958 3083 1056 3135 senate,
1074 3077 1171 3141 having

122 3157 250 3206 magnae
279 3156 385 3193 curae.
401 3142 552 3192 ..luissez
581 3142 622 3192 his
673 3142 777 3208 already
789 3142 919 3192 delivered
938 3143 1009 3207 eight
1023 3160 1053 3193 or
1070 3144 1130 3193 nine
1142 3145 1171 3193 of

122 3209 232 3259 interest
255 3224 307 3258 was
336 3209 427 3259 shown
457 3209 482 3258 in
508 3209 623 3273 warning
672 3209 713 3259 his
733 3209 881 3274 Philippics‚
900 3209 974 3259 while
991 3218 1018 3259 at
1036 3210 1081 3260 the
1098 3226 1170 3260 same

122 3277 218 3325 Cicero
228 3275 342 3339 through
354 3276 448 3331 Paetus
458 3276 487 3324 oi
494 3276 539 3326 the
547 3277 623 3340 plans
673 3277 736 3326 time
753 3277 786 3326 he
803 3292 856 3326 was
874 3276 982 3340 making
997 3292 1075 3343 every
1091 3276 1170 3327 effort

121 3343 239 3406 forming
250 3343 353 3406 against
364 3343 427 3391 him.
435 3370 470 3379 -
478 3343 551 3392 aliae
563 3362 569 3393 :
589 3360 621 3392 sc.
673 3351 701 3392 to
714 3358 785 3393 mass
797 3344 842 3392 the
853 3342 938 3393 forces
950 3343 979 3391 of
996 3344 1041 3392 the
1056 3344 1170 3410 republic

122 3411 252 3473 epistulae,
276 3425 307 3458 or
329 3411 428 3458 litterae
450 3409 476 3458 in
499 3425 515 3459 a
537 3410 622 3473 plural
672 3411 775 3473 against
786 3409 840 3458 him
851 3410 877 3458 in
891 3410 935 3459 the
947 3410 1033 3459 north.

122 3492 214 3536 sense;
233 3477 266 3526 cf.
278 3477 378 3533 litteris,
392 3477 440 3539 Ep.
453 3476 556 3526 XCIX.
571 3490 580 3524 1
596 3491 622 3525 n.
707 3491 730 3524 2.
748 3491 821 3540 quos
831 3477 993 3527 imitarere:
1011 3493 1053 3540 ag.
1066 3477 1169 3527 Hirtius

122 3543 200 3592 —de
225 3557 291 3592 me:
310 3542 403 3592 Cicero
427 3543 449 3592 is
469 3542 622 3609 apparently
673 3543 724 3592 and
748 3543 889 3592 Dolabella
910 3543 953 3608 (ci.
973 3545 1021 3607 Ep.
1041 3545 1113 3592 LXI.
1133 3544 1169 3608 7).

122 3608 249 3672 referring
265 3610 335 3667 here,
353 3625 383 3659 as
406 3609 432 3658 in
450 3611 549 3659 several
566 3625 623 3674 pas-
675 3610 777 3660 Hirtius
805 3626 858 3659 was
886 3609 913 3659 in
942 3611 1066 3659 northern
1094 3611 1169 3676 Italy,

122 3691 200 3739 sages
219 3677 245 3724 in
263 3677 304 3726 his
329 3676 476 3740 Philippics‚
496 3685 523 3726 to
547 3677 622 3741 plans
673 3676 850 3726 Dolabellain
865 3677 946 3742 Syria.
975 3677 1017 3726 cf.
1032 3678 1096 3726 intr.
1109 3692 1139 3739 42
1149 3678 1169 3726 f.

123 3742 201 3792 made
219 3743 322 3806 against
339 3743 380 3792 his
398 3743 443 3792 life
461 3743 495 3808 by
513 3745 623 3808 Antony
672 3743 923 3808 -Spurinnazthe
935 3743 1083 3793 celebrated
1092 3745 1170 3793 haru-

122 3809 176 3859 and
205 3810 335 3875 Antony's
367 3809 622 3862 friends-mole·
672 3816 733 3872 spex
750 3811 809 3859 who
827 3810 879 3858 had
897 3809 1001 3860 warned
1025 3810 1123 3860 Caesar
1140 3819 1169 3860 to

123 3883 206 3927 stus:
232 3875 267 3925 he
284 3891 335 3925 was
358 3876 493 3940 attacking
513 3877 621 3942 Antony
672 3875 773 3926 beware
785 3877 814 3926 of
822 3877 867 3926 the
876 3875 975 3942 danger
983 3877 1067 3927 which
1075 3877 1169 3926 threat-
