2834 4326
213 322 245 374 10
551 321 720 373 c1cnno’s
747 321 921 371 LETTERS.
1132 323 1193 388 [Ep.
1210 325 1265 374 111.

211 501 344 555 veteres
369 491 486 566 hostis,
513 510 617 554 novos
650 469 774 553 amicos
800 489 1018 554 vehementer
1042 489 1163 554 litteris
1189 513 1264 574 per-

180 624 193 657 2
213 600 324 664 culsos
341 609 442 683 atque
460 619 499 662 ex
517 619 637 681 magna
662 617 721 680 spe
745 597 941 660 deturbatos
966 597 1082 662 iacere.
1132 598 1188 662 Ad
1206 621 1263 665 me

212 720 325 772 autem
342 708 471 771 litteras
489 727 571 790 quas
588 705 719 781 misisti,
739 726 939 788 quamquam
963 706 1116 789 exiguam
1135 708 1262 790 signifi-

213 818 378 881 cationem
396 827 474 879 tuae
492 836 571 898 erga
589 835 640 878 me
654 814 837 878 voluntatis
855 813 1033 889 habebant,
1047 801 1159 878 tamen
1177 816 1262 879 mihi

214 927 298 989 scito
316 926 477 988 iucundas
498 924 618 1000 fuisse3
643 923 734 985 nulla
759 922 848 985 enim
874 943 909 985 re
933 932 1001 985 tam
1027 923 1142 986 laetari
1168 925 1262 988 soleo

213 1055 312 1117 quam
329 1054 478 1097 meorum
496 1032 679 1097 officiorum
702 1031 916 1106 conscientia,
936 1032 1056 1114 quibus
1082 1031 1110 1094 si
1127 1035 1263 1114 quando

214 1163 281 1205 non
306 1152 421 1205 mutue
446 1142 677 1223 respondetur,
705 1140 792 1222 apud
818 1159 871 1202 me
899 1139 979 1221 plus·
1000 1139 1088 1202 offici
1113 1141 1263 1206 residere

212 1251 370 1314 facillime
398 1251 515 1333 patior.
569 1249 654 1312 Illud
684 1269 751 1311 non
781 1248 908 1324 dubit0,
937 1249 1028 1331 quin,
1057 1247 1086 1312 si
1118 1247 1158 1311 te¹
1185 1270 1263 1314 mea

215 1380 344 1423 summa
364 1379 443 1441 erga
467 1369 501 1421 te
526 1358 637 1421 studia
660 1378 776 1439 parum
802 1357 882 1419 mihi
908 1357 1129 1432 adiunxerint,
1148 1379 1202 1421 res
1227 1381 1260 1441 p.

181 1484 276 1534 &nos
293 1468 381 1532 inter
398 1488 459 1530 nos
480 1467 696 1530 conciliatura
721 1466 1005 1547 coniuncturaque
1031 1466 1084 1530 sit.
1135 1465 1198 1541 Ac,
1218 1488 1263 1531 ne

216 1577 349 1658 ignores
373 1575 452 1658 quid
477 1596 539 1657 ego
565 1576 598 1637 in
625 1575 691 1637 tuis
721 1574 843 1636 litteris
869 1573 1096 1649 desiderarinr,
1116 1575 1262 1639 scribam

215 1695 339 1766 aperte,
358 1685 444 1748 sicut
462 1694 495 1746 et
513 1704 587 1746 mea
605 1693 723 1745 natura
740 1691 773 1744 et
794 1692 910 1744 nostra
929 1681 1076 1744 amicitia
1099 1682 1261 1764 postulat.

217 1795 286 1856 Res
301 1813 356 1856 eas
370 1792 470 1875 gessi,
485 1812 623 1874 quarum
638 1791 781 1874 aliquam
801 1791 833 1853 in
851 1790 919 1852 tuis
935 1789 1059 1853 litteris
1074 1801 1106 1852 et
1125 1801 1263 1855 nostrae

216 1900 474 1966 necessitudinis
492 1911 525 1963 et
546 1900 594 1963 rei
610 1922 641 1982 p.
660 1921 760 1963 causa
783 1898 1040 1981 gratulationem
1059 1899 1260 1981 exspectavi,

216 2024 314 2085 quam
347 2023 410 2084 ego
436 2003 495 2065 abs
528 2012 562 2065 te
594 2001 863 2084 praetermissam
893 2021 967 2066 esse
1000 2000 1143 2064 arbitror
1172 2003 1262 2083 quod

215 2111 373 2175 verebare
399 2131 441 2174 ne
468 2111 562 2174 cuius
592 2111 738 2174 animum
769 2110 975 2186 offenderes;
1009 2110 1067 2173 sed
1094 2109 1178 2173 scito
1211 2130 1260 2186 ea,

216 2239 301 2302 quae
318 2240 379 2283 nos
396 2241 457 2301 pro
473 2219 580 2282 salute
597 2219 724 2301 patriae
741 2219 918 2302 gessimus
937 2217 1027 2281 orbis
1053 2227 1162 2281 terrae
1181 2218 1263 2281 iudi-

217 2327 268 2392 cio
285 2348 323 2392 ac
341 2328 534 2391 testimonio
560 2327 776 2409 comprobari,
797 2347 891 2409 quae,
912 2347 986 2390 cum
1004 2327 1145 2402 veneris,
1165 2337 1263 2390 tanto

217 2435 356 2522 consilio
375 2445 536 2518 tantaque
561 2435 663 2498 animi
687 2435 919 2517 magnitudine
944 2456 963 2498 a
987 2455 1041 2497 me
1065 2445 1162 2517 gesta
1187 2455 1263 2499 esse

217 2564 411 2627 cognosces,
431 2553 466 2606 ut
492 2544 563 2618 tibi,
582 2544 687 2606 multo
712 2543 828 2606 maiori
852 2565 949 2626 quam
976 2542 1159 2606 Africanus
1184 2543 1260 2619 fuit,
1310 2595 1314 2602 .

216 2711 331 2752 veteres
352 2702 454 2761 hostis,
474 2717 565 2751 novos
586 2702 710 2753 amicos:

218 2770 262 2818 the
274 2768 428 2825 democrats,
439 2769 572 2833 probably,
584 2777 611 2816 to
623 2769 711 2817 whose

217 2844 326 2900 support
341 2838 455 2900 Pompey
466 2835 540 2884 owed
555 2835 594 2884 his
607 2843 711 2898 present

217 2903 339 2967 position.
383 2902 511 2967 Probably
535 2902 579 2950 the
601 2901 712 2967 friendly

218 2977 280 3018 tone
303 2969 331 3017 of
357 2969 493 3034 Pompey's
516 2970 592 3018 letter
616 2977 643 3017 to
667 2969 712 3021 the

218 3045 306 3086 senate
319 3035 395 3084 made
409 3036 480 3084 them
492 3035 548 3084 tear
559 3051 591 3084 an
604 3037 712 3085 alliance

218 3101 333 3151 between
355 3103 468 3168 Pompey
486 3102 537 3150 and
558 3103 615 3151 that
636 3102 711 3167 body.

217 3169 361 3227 -iacere,
373 3186 419 3217 are
430 3171 617 3218 werwkelmed.

253 3249 274 3283 2.
294 3249 359 3285 mea
379 3271 385 3284 .
407 3271 414 3284 .
434 3271 441 3284 .
464 3236 574 3286 studia:
599 3237 713 3286 Cicero‘s

219 3301 309 3351 efforts
326 3303 352 3350 in
370 3302 460 3351 behalf
477 3302 505 3351 oi
526 3303 570 3352 the
589 3304 713 3370 Manilian

218 3371 274 3426 lau,
286 3369 327 3418 his
339 3369 470 3435 advocacy
480 3369 509 3418 oi
521 3385 537 3418 a
547 3378 649 3418 senatus
660 3387 714 3418 con·

218 3437 313 3484 sultam
336 3435 471 3500 decreeing
491 3452 507 3485 a
530 3436 715 3500 thanksgiving

219 3502 248 3551 of
264 3517 293 3552 10
307 3502 371 3568 days
387 3503 413 3550 in
431 3503 560 3552 honoros
579 3503 714 3567 Pompey's

219 3569 338 3619 victories
362 3570 387 3618 in
412 3569 456 3618 the
480 3571 544 3618 East
570 3569 612 3630 (cf.
636 3571 714 3618 Prov.

222 3639 293 3684 Cons.
308 3636 358 3700 27),
372 3652 401 3684 as
413 3637 469 3684 well
486 3651 515 3685 as
528 3636 631 3684 various
648 3651 715 3684 com-

218 3701 372 3767 plimentary
391 3703 477 3765 public
498 3710 652 3760 utterances,
671 3717 714 3765 ag.

222 3769 274 3816 Cat.
288 3781 310 3827 4.
325 3781 364 3817 21.

253 3847 275 3898 3.
294 3834 324 3884 in
345 3835 403 3885 tuis
422 3835 540 3884 litteris:
564 3835 609 3884 the
628 3835 715 3885 clause

762 2716 798 2751 ne
819 2703 1062 2752 ...offenderes
1089 2703 1175 2752 shows
1203 2703 1260 2751 that

764 2769 856 2817 Cicero
866 2770 887 2818 is
897 2769 1020 2832 referring
1029 2777 1056 2818 to
1068 2770 1205 2834 Pompey’s
1214 2771 1260 2818 let·
1301 2767 1304 2771 ’

764 2844 803 2884 ter
820 2844 847 2884 to
866 2837 910 2884 the
931 2845 1020 2885 senate
1035 2836 1258 2900 ¹(Bdckel).—ne

765 2937 771 2950 .
786 2938 793 2950 .
807 2938 813 2951 .
826 2903 1008 2952 offenderes:
1027 2903 1103 2951 those
1118 2903 1176 2951 who
1194 2919 1261 2968 sym·

764 2969 884 3032 pathized
894 2971 954 3018 with
965 2970 1009 3019 the
1022 2969 1189 3019 Catilinarian
1202 2985 1261 3018 con·

764 3037 895 3099 spirators,
914 3037 989 3085 those
1008 3037 1065 3084 who
1084 3052 1118 3084 on
1137 3037 1261 3085 constitu-

765 3103 844 3151 tional
857 3102 973 3166 grounds
990 3101 1108 3166 opposed
1126 3103 1192 3151 their
1204 3118 1261 3152 exe

764 3170 860 3226 cution,
874 3170 918 3218 the
936 3170 1083 3218 democrats
1101 3169 1127 3218 in
1146 3169 1258 3232 general,

765 3236 817 3284 and
828 3237 941 3286 Cicero's
951 3237 1065 3286 enemies
1073 3237 1100 3284 in
1113 3237 1259 3299 particular,

765 3302 851 3353 would
869 3303 935 3352 have
948 3305 981 3353 all
1000 3303 1078 3352 taken
1098 3303 1221 3366 umbrage
1239 3302 1261 3350 if

767 3371 882 3434 Pompey
906 3370 957 3418 had
989 3369 1121 3433 approved
1146 3369 1261 3418 Cicero’s

765 3452 857 3485 course
869 3437 895 3484 in
912 3435 944 3500 63
957 3437 1132 3487 tac—orbis
1151 3444 1261 3485 terrae:

766 3504 810 3552 the
822 3504 904 3552 entire
916 3503 1005 3560 world,
1018 3503 1092 3552 while
1104 3505 1171 3550 orbis
1182 3510 1262 3552 terra-

766 3586 832 3626 rum¹
844 3569 969 3619 indicates
988 3570 1032 3618 the
1052 3571 1154 3618 Roman
1173 3569 1261 3618 world.

766 3636 823 3685 The
836 3637 929 3698 phrase
941 3635 1077 3700 employed
1086 3637 1148 3685 here
1157 3637 1179 3684 is
1190 3635 1261 3693 used,

766 3702 904 3758 therefore,
922 3711 950 3751 to
969 3711 1123 3765 exaggerate
1148 3702 1262 3751 Cicero's

766 3769 1047 3819 fame-Africanus
1058 3804 1065 3817 .
1077 3807 1083 3819 .
1096 3804 1102 3817 .
1115 3769 1261 3820 Laelium:

768 3836 864 3884 Bockel
883 3845 985 3900 quotes,
1003 3837 1028 3885 in
1050 3837 1216 3899 explanation
1235 3834 1262 3883 ol
