2814 4330
240 257 288 308 118
545 257 743 330 ‚crcnao’s
769 257 943 306 narinus.
1093 256 1154 320 [sp.
1169 257 1292 310 xxxu

239 445 375 508 eaquae
388 424 493 488 voluit
511 424 553 487 de
570 424 639 486 suis
657 424 841 488 commodis
859 434 891 486 et
910 425 1066 506 praemiis
1083 436 1292 500 consecutus

240 543 301 608 est,
320 553 428 596 meme
445 532 560 597 habuit
579 553 713 595 suorum
732 533 945 596 defensorum
963 542 997 596 et
1014 533 1199 597 amicorum
1218 534 1291 599 fere

145 709 153 728 ,
240 642 434 723 principem,
451 651 483 705 et
501 641 566 703 iam
583 661 602 704 a
621 640 851 724 Phaedr0,qui
868 641 1068 716 nobiscum
1086 642 1183 723 pueri
1200 663 1291 707 esse·
1359 709 1364 721 ,

240 771 323 824 mus,
350 759 553 832 antequam
580 748 753 812 Philonem
778 749 1007 831 cognovimus,
1035 749 1130 812 valde
1155 759 1192 813 ut
1219 751 1289 833 phi-

239 858 409 939 losophus,
444 866 561 939 postea
593 866 706 919 tamen
739 866 775 919 ut
808 857 858 919 vir
898 858 1007 921 bonus
1040 868 1072 921 et
1108 859 1221 922 suavis
1256 870 1288 923 et
1381 921 1382 946 ἶ

240 966 407 1030 officiosus
434 966 646 1047 probabatur,
673 965 816 1028 traditus
849 965 931 1027 mihi
964 967 1289 1050 commendatusque
1381 971 1382 984 ¹

207 1101 222 1151 3
240 1084 301 1138 est.
353 1075 386 1136 ls
404 1074 506 1156 igitur
528 1074 625 1136 Patro
643 1094 718 1136 cum
741 1073 782 1136 ad
799 1094 853 1136 me
871 1075 1013 1136 Romam
1033 1074 1162 1138 litteras
1182 1077 1289 1139 misis-
1381 1095 1382 1100 ¹

240 1192 302 1258 set,
331 1183 379 1245 uti
406 1193 440 1246 te
467 1182 530 1245 sibi
559 1182 723 1263 placarem
755 1192 972 1264 peteremque
1001 1191 1037 1244 ut
1064 1183 1181 1246 nescio
1201 1185 1287 1266 ‘quid
1381 1163 1382 1196 ³

240 1290 321 1354 illud
338 1290 475 1371 Epicuri
492 1289 729 1371 parietinarum
747 1289 811 1353 sibi
828 1291 1039 1364 concederes,
1058 1290 1141 1353 nihil
1167 1291 1287 1374 scripsi

239 1401 284 1472 ad
301 1408 336 1461 te
361 1399 404 1462 ob
429 1419 501 1462 eam
526 1418 606 1474 rem,
626 1400 713 1481 quod
737 1398 979 1462 aedificationis
1005 1408 1083 1462 tuae
1107 1399 1286 1462 consilium

240 1507 540 1584 commendatione
556 1527 630 1570 mea
654 1506 808 1570 nolebam
834 1507 1003 1588 impediri;
1029 1507 1127 1582 idem,
1146 1517 1183 1572 ut
1208 1510 1287 1571 veni

239 1616 407 1690 Athenas,
425 1636 500 1679 cum
518 1615 605 1678 idem
631 1615 672 1677 ad
697 1624 731 1677 te
757 1615 935 1678 scriberem
961 1624 1124 1696 rogasset,
1142 1616 1186 1678 ob
1211 1637 1286 1680 eam

240 1739 373 1788 causam
391 1723 591 1806 impetravit,
610 1723 699 1805 quod
724 1732 758 1786 te
782 1723 945 1786 abiecisse
970 1723 1059 1786 illam
1085 1723 1287 1788 aedificatio-

169 1889 171 1894 .
205 1853 316 1912 4nem
334 1832 509 1895 constabat
527 1831 615 1894 inter
631 1851 747 1901 omnes
772 1831 897 1895 amicos
923 1840 1008 1896 tuos.
1059 1831 1158 1914 Quod
1185 1833 1213 1895 si
1240 1834 1287 1897 ita

240 1951 291 2004 est
319 1940 406 2004 etsi
434 1940 498 2002 iam
525 1949 583 2002 tua
610 1939 707 2022 plane
733 1939 815 2001 nihil
844 1939 996 2016 interest,
1023 1939 1134 2016 velim,
1164 1941 1193 2003 si
1219 1962 1286 2023 qua

240 2048 486 2112 offensiuncula
502 2048 592 2111 facta
609 2058 660 2110 est
678 2047 781 2111 animi
798 2048 847 2110 tui
863 2048 1082 2130 perversitate
1099 2048 1284 2131 aliquorum

237 2197 284 2204 —
296 2157 374 2220 novi
392 2157 480 2219 enim
498 2166 634 2239 gentem
652 2156 816 2231 illam—,
834 2158 893 2219 des
915 2165 950 2219 te
969 2158 1010 2219 ad
1027 2156 1212 2232 lenitatem,
1231 2159 1285 2220 vel

239 2275 375 2348 propter
400 2286 562 2328 summam
588 2265 842 2340 humanitatem,
861 2265 913 2327 vel
931 2265 1030 2328 etiam
1056 2265 1192 2327 honoris
1218 2267 1286 2328 mei

239 2395 347 2438 causa.
398 2375 572 2456 Equidem,
592 2373 714 2455 siquid
733 2373 804 2454 ipse
821 2373 964 2436 sentiam
982 2373 1123 2456 quaeris,
1143 2393 1206 2436 nec
1223 2395 1285 2437 cur

239 2482 294 2545 ille
311 2492 486 2563 tantopere
504 2483 684 2545 contendat
703 2482 798 2544 video
816 2501 878 2545 nec
896 2502 955 2544 cur
971 2491 1008 2544 tu
1025 2501 1201 2564 repugnes,
1217 2483 1284 2546 nisi

238 2624 273 2672 de
289 2625 351 2672 suis
364 2623 524 2672 commodis
538 2631 566 2670 et
579 2623 733 2685 praemiis:
784 2621 856 2684 good
882 2630 962 2672 terms
987 2622 1029 2671 for
1052 2637 1125 2671 some
1150 2622 1282 2672 unknown

238 2691 353 2755 possibly
375 2691 430 2738 Iees
454 2690 505 2738 due
528 2690 581 2736 him
605 2689 672 2737 Irom
694 2689 733 2736 his
785 2689 998 2749 reason3cr.Ate.
1010 2689 1283 2754 prro-illud...

238 2756 365 2813 students,
376 2757 457 2804 which
469 2757 561 2804 Cicero
573 2755 667 2818 helped
680 2756 733 2803 him
785 2757 1007 2818 parietinarum:
1032 2756 1091 2803 with
1117 2771 1133 2803 a
1159 2757 1283 2804 minimiz-

238 2832 265 2872 to
274 2823 733 2886 collect-meme:thecolloquial
784 2823 829 2885 ing
845 2823 931 2880 force3
956 2822 988 2871 cf.
1001 2822 1046 2870 hoc
1063 2823 1218 2879 litterarum,
1232 2824 1281 2886 Ep.

238 2889 334 2938 double
345 2889 413 2937 form
425 2889 467 2937 for
480 2890 524 2938 the
536 2904 604 2947 acc.;
623 2889 655 2938 cf.
670 2890 733 2938 lntr.

237 2956 267 3016 87
290 2958 303 3004 b
326 2956 377 3004 and
402 2957 445 3004 the
469 2955 565 3004 double
588 2956 657 3004 form
681 2963 732 3013 tete,

240 3024 321 3071 Plaut.
343 3025 421 3084 Epid.
441 3022 482 3080 82,
504 3025 562 3071 Ter.
584 3024 632 3070 Ad.
653 3037 734 3086 33.-

239 3090 381 3138 Phaedro:
391 3090 436 3138 the
446 3091 589 3152 Epicurean
600 3089 732 3138 Phaedrus

237 3171 288 3204 was
301 3172 351 3204 one
364 3156 393 3204 ol
411 3157 525 3205 Cicero's
543 3156 598 3204 first
615 3157 732 3204 teachers

236 3223 261 3269 in
272 3223 435 3287 philosophy.
444 3251 477 3257 -
487 3222 649 3272 Philonem:
667 3222 731 3270 until

236 3289 269 3337 he
282 3305 353 3338 came
366 3297 394 3337 to
409 3291 491 3337 Rome
504 3305 532 3338 as
545 3305 561 3338 a
577 3289 687 3351 fugitive
706 3289 731 3336 in

235 3355 267 3404 88
282 3369 338 3413 B.c.,
354 3357 427 3405 Philo
440 3354 493 3404 had
511 3355 575 3404 been
590 3356 634 3404 the
645 3355 732 3404 leader

235 3423 264 3470 of
284 3423 328 3471 the
347 3425 412 3471 New
424 3422 558 3487 Academy
575 3431 602 3471 at
621 3422 730 3470 Athens.

237 3489 287 3537 His
308 3490 441 3552 teachings
466 3487 541 3537 made
565 3504 580 3536 a
601 3488 666 3551 deep
687 3490 731 3536 lm-

234 3557 350 3618 pression
370 3571 439 3618 upon
459 3555 559 3613 Cicero,
577 3554 629 3603 and
650 3555 731 3603 deter-

233 3623 320 3670 mined
334 3624 373 3670 his
386 3621 575 3684 philosophical
589 3621 707 3670 attitude.

267 3701 290 3751 3.
308 3689 351 3750 uti
363 3695 391 3736 te
405 3689 460 3737 sibi
473 3688 631 3750 placarem:
651 3689 731 3735 Mern-

232 3753 300 3802 mius
314 3752 366 3802 and
384 3755 460 3802 Patro
478 3753 530 3800 had
551 3762 597 3801 not
613 3753 678 3802 been
696 3769 729 3800 on

786 2889 920 2937 XXXIII.
934 2903 948 2953 3
962 2889 1281 2938 n.-aedificationem:

784 2955 825 3003 for
843 2954 996 3020 aedificandi
1017 2957 1151 3004 consilium
1177 2957 1281 3018 (Manu-

784 3022 855 3070 tius.

817 3021 847 3148 4.)
851 3088 1078 3138 offensiuncula:
1089 3088 1121 3137 cf.
1124 3088 1279 3150 pulchellus,

785 3156 832 3218 Ep.
857 3157 888 3203 V.
915 3170 944 3204 10
968 3155 1121 3204 n.—nisi:
1152 3154 1219 3212 brix,
1245 3171 1280 3203 on

785 3222 867 3270 Plaut.
892 3223 917 3270 T
913 3224 963 3270 rin.
984 3236 1038 3286 233,
1056 3237 1126 3286 says:
1146 3224 1216 3270 ‘nisi
1231 3222 1279 3271 has

783 3288 850 3337 aiter
862 3289 981 3351 negative
994 3297 1129 3338 sentences
1141 3288 1188 3351 (ie.
1198 3289 1224 3336 in
1235 3287 1279 3336 old

784 3355 870 3420 Latin)
884 3355 928 3404 the
945 3356 1016 3404 force
1034 3355 1062 3403 of
1080 3355 1179 3403 aweak
1191 3354 1280 3404 adver·

782 3423 865 3471 sative
874 3422 988 3484 particle,
998 3423 1120 3478 however,
1131 3421 1190 3468 but!
1214 3421 1279 3470 This

782 3489 884 3538 archaic
906 3489 977 3538 force
1001 3488 1022 3537 is
1047 3487 1163 3536 retained
1185 3488 1212 3535 in
1234 3489 1278 3536 the

782 3571 891 3618 passage
908 3555 998 3604 before
1017 3571 1063 3613 us;
1082 3554 1114 3603 cf.
1127 3554 1198 3602 nihil
1214 3556 1280 3602 mihi

778 3624 880 3684 gratius
889 3623 978 3684 facere
990 3629 1067 3683 potes,
1080 3623 1134 3668 nisi
1148 3628 1234 3669 tamen
1252 3623 1281 3670 id

781 3691 831 3734 erit
842 3690 910 3736 mihi
915 3690 1104 3750 gratissimum,
1119 3689 1218 3750 siquae
1234 3689 1280 3736 tibi

782 3756 906 3802 mandavi
922 3756 1063 3819 confeceris,
1083 3756 1135 3802 Art.
1156 3766 1176 3818 5.
1198 3767 1236 3814 14.
1255 3769 1278 3819 3.
