2814 4330
198 288 247 341 108
535 291 703 341 CICERO’S
730 290 902 341 LETTERS.
1064 292 1124 358 [Ep.
1138 294 1250 344 XXIX.

196 457 361 541 proficisci
390 477 528 522 necesse
557 469 657 533 esset,
687 458 721 520 in
749 458 863 522 multis
891 468 925 522 et
954 459 1054 524 variis
1079 461 1252 526 molestiis

197 569 523 653 cogitationibusque
539 570 624 634 meis
640 570 725 634 haec
740 590 807 633 una
823 571 1009 635 consolatio
1034 574 1248 649 occurrebat,

197 679 285 762 quod
317 698 427 761 neque
463 679 525 742 tibi
556 678 693 742 amicior
727 699 827 761 quam
863 699 927 762 ego
959 700 1034 744 sum
1066 680 1249 763 quisquam

197 797 311 870 posset
336 788 526 862 succedere,
548 807 658 870 neque
682 807 745 868 ego
773 787 816 851 ab
839 786 907 850 ullo
931 787 1136 871 provinciam
1161 790 1250 853 acci-

197 916 277 979 pere
300 895 357 978 qui
378 894 491 958 mallet
516 915 590 958 eam
612 915 710 978 quam
736 895 878 958 maxime
901 895 983 958 mihi
1008 906 1120 980 aptam
1145 897 1250 979 expli-

198 1015 374 1087 catamque
391 1005 532 1068 tradere.
583 1003 684 1086 Quod
701 1003 729 1066 si
746 1012 783 1067 tu
800 1023 933 1086 quoque
953 1005 1094 1068 eandem
1112 1005 1153 1068 de
1170 1026 1250 1070 mea

197 1113 370 1176 voluntate
387 1132 466 1195 erga
482 1122 518 1175 te
534 1131 627 1193 spem
645 1111 759 1186 habes,
778 1132 817 1174 ea
833 1121 867 1174 te
886 1111 1038 1194 protecto
1062 1132 1248 1196 numquam

197 1221 299 1285 fallet.
338 1219 388 1284 At
405 1231 439 1284 te
456 1220 600 1283 maximo
618 1239 718 1302 opere
735 1240 794 1301 pro
812 1229 927 1283 nostra
943 1241 1073 1284 summa
1089 1221 1249 1286 coniunc-

198 1331 290 1392 tione
314 1339 438 1412 tuaque
466 1328 627 1411 singulari
654 1328 862 1392 humanitate
887 1327 988 1392 etiam
1016 1337 1117 1411 atque
1141 1329 1248 1394 etiam

198 1458 321 1521 quaeso
339 1447 372 1500 et
388 1446 467 1519 peto
485 1447 530 1512 ut,
549 1436 815 1520 quibuscumque
832 1437 932 1500 rebus
957 1437 1083 1519 poteris
1095 1476 1141 1484 —
1153 1446 1250 1519 pote·
1305 1441 1308 1444 ’

198 1547 242 1611 ris
258 1556 371 1610 autem
389 1545 549 1627 plurimis,
563 1545 800 1627 -prospicias
822 1554 855 1608 et
879 1545 1034 1608 consulas
1058 1545 1250 1611 rationibus

166 1655 292 1719 zmeis.
356 1653 461 1718 Vides
493 1674 533 1716 ex
566 1663 705 1716 senatus
739 1653 893 1717 consulto
929 1653 1134 1736 provinciam
1167 1675 1250 1719 esse

168 1765 170 1770 ’
199 1763 396 1827 habendam.
447 1762 484 1826 Si
509 1782 592 1837 eam,
618 1762 707 1845 quod
724 1762 797 1825 eius
821 1762 933 1826 facere
958 1762 1117 1844 potueris,
1143 1784 1248 1846 quam

199 1870 485 1954 expeditissimam
502 1871 582 1934 mihi
603 1861 790 1945 tradideris,
809 1870 939 1935 facilior
963 1871 1025 1935 erit
1050 1867 1133 1935 milii
1149 1873 1250 1954 quasi

199 1981 360 2045 decursus
385 1979 450 2043 mei
479 1979 650 2061 temporis.
713 1979 804 2062 Quid
830 1979 864 2042 in
893 1999 933 2043 eo
962 2000 1085 2062 genere
1112 1979 1250 2045 efficere

199 2089 318 2172 possis,
337 2088 388 2152 tui
407 2087 524 2152 consili
546 2095 597 2151 est
605 2108 613 2164 ;
638 2107 700 2170 ego
721 2097 756 2151 te
778 2088 866 2172 quod
892 2087 953 2151 tibi
970 2088 1082 2151 veniet
1103 2087 1137 2150 in
1155 2109 1249 2152 men-

199 2207 268 2262 tem
288 2217 363 2261 mea
386 2197 551 2260 interesse
573 2197 669 2260 valde
694 2216 785 2279 rogo,
836 2195 989 2260 Pluribus
1007 2196 1118 2261 verbis
1143 2198 1185 2261 ad
1212 2207 1249 2260 te

200 2305 390 2381 scriberem,
413 2305 443 2369 si
466 2314 523 2369 aut
548 2316 607 2368 tua
631 2304 823 2368 humanitas
848 2304 1033 2388 longiorem
1058 2305 1239 2370 orationem

200 2421 410 2497 exspectaret
424 2423 480 2476 aut
495 2413 527 2476 id
545 2413 616 2476 fieri
633 2421 748 2477 nostra
764 2411 911 2477 amicitia
928 2420 1099 2495 pateretur
1115 2422 1172 2476 aut
1190 2433 1244 2478 res

199 2523 301 2587 verba
317 2522 521 2586 desideraret
538 2542 576 2586 ac
594 2501 661 2585 non
678 2542 738 2604 pro
758 2541 795 2585 se
819 2521 892 2604 ipsa
915 2521 1115 2604 loqueretur.
1167 2521 1246 2586 Hoc

199 2672 318 2723 declined
338 2688 355 2722 a
374 2673 495 2737 province
518 2672 583 2722 both
605 2680 631 2721 at
650 2672 696 2722 the
746 2672 863 2722 classical
879 2688 957 2736 prose
968 2671 1092 2736 quaesois
1110 2671 1174 2722 used
1188 2688 1246 2735 par-

200 2740 270 2790 close
282 2740 312 2788 oi
322 2740 362 2790 his
374 2739 537 2804 praetorship
550 2739 602 2788 and
614 2739 643 2788 of
654 2740 695 2789 his
746 2739 914 2804 enthetically
925 2739 1008 2788 either
1023 2739 1099 2788 alone
1111 2754 1142 2787 or
1153 2739 1215 2787 with
1228 2755 1246 2788 a

200 2807 358 2870 consulship.
406 2807 462 2855 The
485 2806 571 2855 words
594 2814 695 2857 contra
746 2806 828 2869 single
851 2806 922 2855 word
941 2805 984 2854 for
1004 2821 1037 2854 an
1060 2805 1156 2870 object,
1173 2821 1246 2870 espe-

199 2873 379 2924 voluntatem
402 2872 514 2923 indicate
536 2874 592 2922 that
610 2873 636 2920 in
655 2873 696 2922 de·
747 2873 889 2937 ciallydeor
905 2888 936 2921 or
952 2888 968 2921 a
983 2873 1103 2935 personal
1122 2887 1244 2934 pronoun

200 2941 296 3004 clining
313 2939 468 2989 Macedonia
483 2940 508 2988 in
526 2939 601 2988 favor
617 2940 647 2988 of
665 2941 695 2989 C.
748 2939 791 3003 (cf.
806 2940 876 2989 Phil.
896 2952 918 2999 7.
934 2938 1165 3003 8).—consulas‚
1178 2946 1243 2988 etc:

201 3007 332 3056 Antonius
339 3006 365 3056 in
373 3006 405 3070 63
414 3018 463 3055 rac.
472 3005 557 3056 hedid
566 3015 613 3056 not
623 3005 696 3055 show
746 3006 851 3056 instead
863 3005 892 3054 oi
908 3005 1058 3070 complying
1068 3005 1130 3054 with
1143 3005 1194 3053 this
1208 3020 1245 3053 re·

200 3089 230 3123 so
259 3073 337 3122 much
363 3072 578 3137 sels-abnegation
604 3088 633 3122 as
662 3073 695 3122 he
747 3080 831 3138 quest,
840 3073 941 3136 Appius
951 3072 1241 3136 proposedadecrease

201 3140 288 3189 would
304 3139 364 3189 lead
377 3156 407 3190 us
419 3139 557 3189 elsewhere
576 3149 603 3189 to
621 3140 694 3189 infer.
746 3141 773 3188 in
785 3140 830 3188 the
845 3146 936 3203 scanty
948 3140 1061 3205 military
1071 3138 1142 3187 force
1158 3138 1184 3186 in
1197 3138 1243 3187 the

202 3207 242 3256 Cf.
258 3208 306 3271 Ep.
320 3207 449 3256 XXXIV.
466 3220 495 3271 ¹3
511 3209 535 3254 ri
551 3208 694 3270 quisquam,
746 3207 868 3269 province
888 3205 932 3270 (cf.
956 3207 1028 3254 Fam.
1049 3219 1071 3270 3.
1091 3219 1113 3270 3.
1134 3206 1168 3266 2),
1186 3205 1240 3254 and

200 3282 249 3323 etc.
270 3274 321 3323 His
332 3274 492 3337 assignment
505 3281 533 3322 to
546 3289 562 3321 a
573 3273 696 3337 province
746 3272 848 3322 treated
861 3273 953 3321 Cicero
965 3272 1027 3321 with
1039 3271 1147 3321 marked
1165 3270 1244 3320 disre-

200 3341 225 3389 in
239 3340 291 3391 this
303 3355 363 3390 case
375 3356 427 3390 was
440 3355 490 3389 one
502 3341 531 3389 oi
546 3340 590 3389 the
602 3341 696 3390 results
747 3347 819 3402 spect
829 3339 872 3403 (ci.
880 3341 953 3388 Fam.
967 3352 989 3403 3.
998 3339 1020 3387 8.
1029 3339 1064 3402 6).
1089 3339 1145 3387 The
1151 3339 1242 3387 letters

201 3407 230 3455 of
246 3423 262 3456 a
278 3407 329 3457 law
343 3406 438 3471 passed
456 3407 543 3456 rather
560 3415 697 3469 unexpect·
747 3406 776 3454 of
787 3406 832 3454 the
844 3414 896 3454 two
908 3420 967 3454 men
981 3420 1024 3454 are
1036 3405 1084 3454 rull
1096 3405 1126 3454 of
1139 3405 1241 3454 mutual

200 3474 269 3540 edly;
292 3474 326 3523 cf.
346 3475 407 3523 Intr.
426 3474 643 3523 22.-amicior:
661 3473 695 3522 cf.
747 3473 954 3521 recriminations
970 3472 1023 3520 and
1040 3471 1242 3535 explanations;

200 3541 695 3604 Appium,Ep.VIIl.2n.-summa
746 3539 778 3587 cf.
793 3541 865 3588 Fam.
879 3551 1194 3603 3.7.2;3.9.1;3.11.
1210 3551 1231 3602 5.

200 3607 419 3657 coniunctione:
435 3606 501 3655 both
513 3622 580 3655 were
592 3621 694 3668 augurs.
780 3620 801 3653 2.
821 3607 901 3656 eius:
920 3614 1018 3662 neuter,
1033 3606 1154 3668 partitive
1171 3605 1242 3668 geni-

201 3673 694 3736 Seealsoamicr'orabove-quaeso:
746 3672 813 3732 tive;
832 3672 865 3721 cf.
880 3675 953 3721 diam.
968 3684 988 3737 5.
1000 3671 1023 3721 8.
1038 3684 1063 3737 5;
1079 3673 1132 3720 Art.
1151 3684 1241 3718 11.12.

199 3738 261 3788 here
277 3739 348 3802 (with
368 3740 446 3803 peto)
465 3738 588 3788 followed
609 3739 643 3804 by
661 3753 693 3786 an
745 3739 861 3798 4.—si.
877 3774 883 3786 .
897 3774 903 3787 .
918 3739 1098 3788 intellexero:
1115 3738 1148 3787 cf.
1160 3739 1201 3786 sr'.
1215 3771 1238 3784 ..

200 3803 288 3869 obiect
306 3805 474 3865 clause—a
495 3819 551 3854 rare
571 3819 625 3854 use.
661 3805 692 3852 In
744 3807 837 3862 videro,
852 3806 899 3868 Ep.
914 3806 1055 3869 Vlll.5n.
