2780 4332
106 349 188 398 Fam.
205 362 242 396 12.
257 346 293 414 5.]
455 347 622 397 CICERO'S
648 348 822 399 LETTERS.
1114 351 1162 402 275

107 517 237 599 agendi
263 514 469 598 providendi.
520 515 596 579 Hoc
621 514 766 599 denique
789 516 900 580 animo
926 537 1000 581 sum
1018 528 1065 593 ut,
1084 519 1112 582 si
1129 519 1163 581 in

109 625 176 689 hac
203 633 408 707 cura·atque
431 623 720 688 administratione
736 625 806 688 vita
830 625 910 688 mihi
934 627 1091 708 ponenda
1107 627 1161 702 sit,

110 733 286 816 praeclare
310 742 424 797 actum
449 753 581 798 mecum
605 741 730 815 putem.
783 734 894 797 Etiam
927 743 1029 818 atque
1061 735 1162 799 etiam

110 841 198 908 vale.

441 1017 547 1082 xcv.
599 1017 702 1103 (Fam.
726 1035 775 1082 12.
799 1020 840 1102 ς.)

474 1192 614 1242 CICERO
633 1192 767 1243 CASSIO
786 1193 812 1243 S.

162 1328 324 1390 Hiemem
349 1328 448 1390 credo
473 1327 581 1391 adhuc
604 1327 816 1411 prohibuisse
840 1348 906 1410 quo
931 1328 1042 1394 minus
1066 1330 1108 1394 de
1127 1341 1162 1394 te
1182 1364 1192 1399 1

113 1445 246 1501 eertum
273 1436 472 1500 haberemus
494 1436 574 1518 quid
595 1456 712 1519 ageres
736 1437 946 1520 maximeque
971 1439 1027 1501 ubi
1053 1459 1162 1518 esses;

112 1546 341 1628 loquebantur
368 1564 485 1608 omnes
514 1547 803 1620 tamen—credo,
831 1546 919 1628 quod
946 1546 1162 1611 volebant—

113 1655 149 1717 in
172 1653 271 1739 Syria
290 1663 326 1717 te
344 1673 429 1729 esse,
448 1653 571 1717 habere
594 1654 715 1735 copias.
768 1654 806 1717 Id
831 1664 942 1718 autem
967 1676 1006 1718 eo
1028 1656 1160 1721 facilius

113 1762 324 1837 credebatur,
355 1763 433 1845 quia
460 1762 570 1825 simile
599 1763 668 1825 veri
695 1763 880 1828 videbatur.
941 1765 1064 1828 Brutus
1093 1767 1162 1848 qui-

112 1873 192 1935 dem
210 1881 326 1935 noster
342 1870 658 1954 egregiamlaudem
676 1881 727 1935 est
745 1882 965 1948 consecutus;
1001 1894 1053 1937 res
1071 1874 1161 1938 enirn

112 1989 229 2044 tantas
260 1979 534 2072 gessitltamque
566 1980 754 2062 inopinatas
787 1991 823 2043 ut
857 2001 915 2044 eae
940 2002 1015 2046 eum
1041 2003 1101 2064 per
1124 2002 1161 2046 se

114 2097 231 2172 gratae
265 2097 389 2163 essent,
423 2097 496 2152 tum
535 2090 721 2152 ornatiores
763 2099 899 2172 propter
942 2090 1158 2156 celeritatem.

116 2196 218 2280 Quod
243 2196 272 2260 si
297 2207 334 2260 tu
358 2216 398 2259 ea
421 2205 519 2260 tenes
544 2217 629 2279 quae
652 2207 818 2279 putamus,
846 2199 976 2280 magnis
1002 2199 1161 2263 subsidiis

114 2304 202 2368 fulta
220 2325 274 2369 res
297 2326 328 2389 p.
351 2314 404 2368 est
412 2326 421 2381 ;
444 2305 588 2387 aprima
610 2305 699 2368 enim
725 2326 783 2369 ora
808 2306 969 2370 Graeciae
994 2309 1160 2390 usquead

115 2413 314 2498 Aegyptum
339 2414 541 2497 optimorum
570 2414 693 2478 civium
718 2415 867 2497 imperiis
891 2416 1012 2479 muniti
1037 2417 1160 2480 erimus

114 2533 149 2586 et
178 2522 294 2605 copiis.
345 2523 566 2606 Quamquam,
600 2523 664 2586 nisi
694 2544 748 2587 me
775 2523 923 2599 fallebat,
958 2545 1011 2588 res
1043 2545 1080 2588 se
1113 2525 1193 2589 sica

114 2631 260 2695 habebat
289 2641 326 2695 ut
354 2631 459 2696 totius
488 2631 567 2694 belli
596 2651 696 2695 omne
721 2632 901 2696 discrimen
927 2633 962 2696 in
988 2634 1030 2698 D.
1056 2634 1160 2698 Bruto

150 2793 236 2844 XCV.
256 2794 348 2851 Rome,
361 2793 406 2843 the
419 2792 497 2843 latter
513 2792 570 2841 hall
586 2791 616 2841 of
662 2790 739 2839 shore
762 2790 866 2856 beyond
890 2791 935 2840 the
955 2790 1096 2855 Adriatic);
1126 2791 1160 2841 cf.

116 2861 189 2917 Feba
202 2875 235 2924 43
248 2873 299 2909 B·C.
661 2858 777 2920 Philipp.
803 2871 841 2906 ιο.
867 2871 897 2907 ιο
922 2866 1029 2908 exterae
1045 2861 1160 2908 nationes

152 2942 174 2977 1.
191 2928 375 2992 prohibuisse
387 2927 553 2991 quominus
567 2961 574 2974 .
588 2961 616 2975 ..
660 2940 676 2972 a
695 2927 787 2987 prima
809 2941 856 2973 ara
882 2926 1001 2974 Graeciae
1024 2942 1104 2990 usque
1125 2928 1163 2976 ad

113 2997 306 3045 haberemus·
324 2995 370 3044 the
385 2994 457 3043 infin.
469 2994 491 3042 is
504 2994 549 3042 the
561 3008 615 3056 reg·
661 2993 803 3054 Aegyptum
815 2995 967 3053 optimarum
978 2993 1160 3056 etsartissima

114 3063 172 3112 ular
199 3061 316 3111 classical
346 3060 524 3112 construction
554 3060 615 3108 with
661 3075 719 3107 rum
736 3059 830 3107 eratum
851 3060 968 3120 imperiis
984 3066 1009 3106 et
1019 3062 1160 3120 praesidiis

110 3129 246 3194 prohibere
264 3127 308 3191 (cl.
335 3144 388 3177 rem
407 3130 469 3191 geri
482 3128 617 3189 pratitae·
660 3132 786 3174 terrentur.
831 3125 873 3173 Cf.
896 3125 952 3173 also
977 3127 1036 3174 ibid.
1063 3140 1101 3175 10.
1129 3141 1159 3187 14

113 3202 165 3253 rat,
179 3195 215 3259 2),
227 3195 275 3244 but
287 3212 318 3245 nc
329 3194 381 3244 and
393 3210 443 3259 quo
453 3195 543 3242 minus
557 3193 615 3246 aith
658 3199 725 3242 tenet
731 3194 810 3255 aaa
817 3209 858 3240 res
861 3193 964 3254 publica
972 3193 1158 3250 Macedoniam,

113 3262 160 3312 the
177 3261 246 3326 subj.
263 3261 415 3312 sometimes
432 3260 529 3319 follow,
545 3276 616 3324 espa
658 3266 725 3308 tenet
742 3260 886 3321 Illyricum,
907 3265 992 3307 tuetur
1017 3261 1158 3310 Graeciam.

112 3329 189 3395 cially
211 3329 286 3378 when
311 3329 447 3391 prohibere
468 3328 491 3376 is
514 3328 539 3376 in
571 3327 615 3377 the
660 3327 739 3374 Fora
757 3325 848 3375 sketch
868 3325 897 3373 of
916 3325 960 3375 the
978 3341 1112 3376 successes
1130 3327 1160 3376 of

112 3395 328 3446 infinitiva—in
358 3395 441 3457 Syria
470 3403 499 3443 te
527 3408 614 3444 esse:
659 3394 696 3441 M.
708 3393 811 3449 Brutus,
824 3393 928 3442 chibid.
943 3405 1084 3457 10.13-14.
1116 3394 1157 3443 Cf.

113 3463 223 3512 Cassius
252 3462 379 3527 probably
403 3461 514 3510 reached
541 3461 615 3526 Syria
657 3461 714 3509 also
728 3460 790 3508 lntr.
803 3473 843 3524 43.

112 3538 141 3579 at
160 3530 204 3578 the
221 3530 292 3578 close
316 3529 345 3578 of
361 3529 406 3578 the
429 3543 490 3594 year
512 3542 545 3588 44
564 3539 614 3576 nc.
693 3541 715 3574 2.
733 3527 852 3576 fallebat
864 3543 870 3573 ι
882 3526 1023 3592 epistolary
1036 3534 1117 3586 tense,
1129 3543 1158 3578 as

113 3595 158 3660 (cf.
171 3598 244 3646 Fam.
261 3610 297 3644 12.
316 3611 340 3657 4.
360 3595 393 3659 2),
412 3595 464 3644 and
489 3595 541 3643 had
560 3594 615 3643 ulti·
657 3608 701 3642 are
711 3593 755 3641 the
768 3603 855 3642 tenses
864 3592 893 3640 of
905 3601 976 3643 most
985 3593 1014 3642 of
1027 3594 1071 3642 the
1082 3595 1158 3645 verbs

112 3663 210 3728 mately
219 3672 247 3712 at
259 3663 324 3712 least
337 3663 408 3726 eight
420 3663 521 3726 legions
535 3661 614 3710 athis
658 3662 684 3708 in
698 3660 749 3708 this
762 3661 870 3709 section.
880 3660 1089 3711 -discrimenr
1103 3662 1158 3711 Cic·

112 3729 236 3793 disposal.
264 3758 299 3766 —
313 3731 422 3780 Brutus
436 3765 443 3777 .
457 3736 614 3778 ..nostem
658 3742 703 3775 ero
727 3742 861 3789 expresses
886 3725 930 3776 the
954 3742 1026 3776 same
1049 3728 1156 3791 opinion

111 3797 146 3846 cf.
166 3797 229 3846 lntr.
241 3795 274 3845 88
287 3799 301 3844 b
314 3796 427 3860 (dl-²
445 3795 537 3859 prima
556 3809 614 3852 ora,
658 3793 731 3842 three
749 3793 856 3842 months
874 3794 939 3842 later
957 3794 983 3842 in
1002 3809 1018 3842 a
1035 3794 1112 3844 letter
1128 3803 1158 3844 to

115 3865 187 3932 fiam
214 3865 256 3913 the
279 3864 367 3913 kither
394 3863 467 3911 share
493 3863 541 3925 (ie.
569 3861 621 3910 the·
660 3861 693 3908 D.
703 3861 799 3910 Brutus
811 3859 917 3909 himself
931 3860 990 3923 (Ep.
1000 3861 1101 3910 XCIX.
1112 3862 1158 3928 2):
