2814 4328
264 294 312 344 234
608 295 774 345 CICERO’S
800 295 973 348 LETTERS.

263 473 397 546 tempus
414 483 434 527 a
452 463 485 529 P.
506 463 620 546 Magio
646 462 764 527 Cilone
781 462 957 526 familiare·
970 462 1043 526 eius
1067 463 1214 546 pugione
1237 485 1304 547 per·

264 594 399 636 cussum
417 592 492 636 esse
509 581 542 635 et
559 572 625 634 duo
642 571 780 635 vulnera
799 572 979 653 accepisse,
998 592 1101 634 unum
1127 571 1162 634 in
1188 582 1305 636 stoma-

264 681 336 756 cho,
351 679 493 743 alterum
511 680 546 743 in
563 679 672 762 capite
689 679 872 743 secundum
890 699 1020 758 aurem;
1042 700 1178 762 sperare
1197 691 1304 744 tamen

264 809 339 852 eum
352 788 464 852 vivere
476 809 575 871 posse
583 809 591 866 ;
609 788 758 871 Magium
772 808 809 852 se
822 787 931 870 ipsum
945 787 1157 852 interfecisse
1175 799 1305 872 postea3

263 919 299 962 se
315 918 336 962 a
352 897 512 961 Marcello
529 898 641 960 adme
658 896 797 960 missum
814 917 889 960 esse
906 897 963 980 qui
983 897 1066 961 haec
1083 898 1256 961 nuntiaret
1273 908 1305 961 et

262 1016 394 1090 rogaret
411 1006 462 1070 uti
478 1007 626 1070 medicos
643 1005 674 1069 ei
690 987 868 1070 mitterem.
910 1005 1027 1088 Itaque
1044 1005 1196 1070 medicos
1213 1007 1305 1090 coegi

187 1101 189 1104 ⁵
262 1125 295 1180 et
314 1115 489 1198 evestigio
507 1135 547 1178 eo
567 1136 641 1178 sum
665 1114 838 1197 profectus
862 1114 968 1196 prima
992 1113 1074 1179 luce.
1126 1114 1214 1178 Cum
1241 1137 1304 1179 non

262 1223 361 1306 longe
377 1245 397 1287 a
414 1223 529 1287 Piraeo
545 1224 707 1298 abessem,
722 1243 805 1306 puer
818 1221 953 1286 Acidini
969 1222 1100 1286 obviam
1118 1222 1202 1286 mihi
1215 1225 1305 1287 venit

262 1354 337 1397 cum
354 1331 513 1396 codicillis
531 1331 700 1415 inquibus
714 1341 785 1394 erat
802 1330 973 1414 scriptum,
985 1331 1083 1414 paulo
1099 1341 1180 1395 ante
1198 1331 1305 1396 lucem

263 1440 458 1505 Marcellum
483 1440 572 1503 diem
597 1461 694 1503 suum
720 1440 840 1503 obisse.
892 1438 944 1502 Ita
960 1439 1010 1502 vir
1034 1438 1242 1504 clarissimus
1266 1443 1306 1505 ab

261 1549 395 1613 homine
420 1549 600 1612 deterrimo
625 1548 839 1612 acerbissima
864 1557 971 1611 morte
996 1557 1047 1611 est
1073 1548 1239 1625 adfectus,
1262 1560 1304 1626 et,

261 1657 314 1722 cui
343 1657 468 1721 inimici
499 1666 637 1740 propter
660 1656 859 1739 dignitatem
892 1644 1121 1738 pepercerant,
1147 1656 1306 1722 inventus

227 1777 311 1837 3est
339 1766 465 1830 amicus
497 1765 554 1850 qui
582 1765 612 1829 ei
641 1775 783 1829 mortem
812 1765 960 1830 offerret.
1016 1765 1089 1847 Ego
1117 1774 1234 1828 tamen
1263 1768 1304 1830 ad

259 1874 510 1938 tabernaculum
542 1873 613 1938 eius
641 1873 781 1957 perrexi.
844 1872 963 1935 Inveni
991 1873 1073 1936 duos
1102 1872 1242 1938 libertos
1272 1885 1305 1939 et

260 1983 418 2067 pauculos
436 2002 569 2060 servos;
594 1982 739 2066 reliquos
759 1983 890 2045 aiebant
915 1981 1106 2064 profugisse
1122 1991 1215 2045 metu
1232 2004 1306 2065 per-

260 2092 395 2156 territos
417 2092 506 2175 quod
528 2091 683 2155 dominus
704 2111 818 2154 eorum
838 2099 917 2154 ante
933 2087 1186 2153 tabernaculum
1204 2090 1305 2155 inter-

1077 293 1138 360 [np.
1152 295 1304 346 Lxxvut

293 2283 316 2318 2.
341 2269 373 2318 P.
396 2267 496 2331 Magio
519 2267 634 2317 Cilone:
656 2266 752 2315 certain

258 2350 367 2398 persons
388 2343 415 2382 at
435 2335 519 2383 Rome
538 2332 677 2396 suspected
696 2333 752 2381 that

260 2402 357 2451 Caesar
368 2400 420 2449 had
433 2399 572 2464 instigated
591 2401 635 2449 the
650 2398 754 2448 murder

259 2469 288 2516 of
300 2469 437 2517 Marcellus
449 2485 454 2527 ;
467 2467 513 2516 but
525 2467 558 2516 cf.
568 2468 621 2516 Att.
634 2481 671 2531 13.
687 2480 724 2514 10.
738 2479 752 2530 3

258 2537 331 2584 hodie
348 2536 509 2597 Spintherem
527 2541 639 2596 exspecto
647 2549 658 2592 ;
683 2535 756 2581 misit

258 2605 325 2650 enim
342 2603 443 2650 Brutus
460 2603 497 2648 ad
514 2611 571 2658 me,·
590 2609 641 2663 per
657 2601 754 2648 litteras

259 2676 352 2733 purgat
364 2670 495 2717 Caesarem
514 2669 545 2716 de
561 2669 667 2715 interitu
681 2667 753 2714 Mar-

259 2737 321 2791 celli,
332 2737 360 2783 in
370 2750 451 2799 quem,
462 2750 493 2782 ne
503 2736 528 2781 si
536 2735 637 2782 insidiir
651 2735 750 2797 quidem

258 2804 300 2850 ille
318 2803 465 2866 interfectus
487 2807 554 2857 essct,
575 2803 674 2849 caderet
695 2801 752 2848 ulla

259 2871 456 2931 suspicionum
471 2884 536 2925 vcro,
549 2884 605 2915 cum
620 2868 650 2915 de
665 2867 752 2930 Magio

258 2943 354 2993 constet,
376 2951 460 2983 nonne
474 2935 558 2998 suror
575 2937 629 2982 eius
649 2950 750 2982 causam

258 3019 355 3051 omnem
379 3002 522 3050 sustineti.
542 3036 548 3048 .
568 3001 750 3064 .Quamquam

259 3070 327 3116 nihil
337 3070 412 3118 habco
422 3069 491 3132 quod
503 3069 620 3124 dubitem,
635 3069 687 3115 nisi
702 3069 754 3130 ipsi

258 3137 345 3199 Magio
356 3152 421 3201 quae
429 3136 516 3199 suerit
526 3151 602 3184 causa
619 3137 751 3190 amentiae,

254 3210 304 3264 pro
316 3219 365 3266 quo
375 3203 474 3267 quidem
488 3204 562 3250 ettam
582 3209 686 3264 sponsor
695 3203 752 3266 fac-

257 3277 298 3317 tus
317 3277 377 3317 erat.
413 3271 550 3317 Nimirum
570 3271 600 3316 id
606 3270 666 3334 fuit
671 3284 683 3327 ;
706 3269 752 3316 sol·

257 3337 336 3383 vendo
353 3338 420 3384 enim
442 3352 491 3384 non
513 3343 582 3385 crat:
605 3337 678 3385 credo
694 3351 750 3384 cum

255 3404 354 3463 petiisse
363 3419 378 3450 a
387 3404 510 3451 Marcello
519 3404 626 3467 aliquid,
635 3410 659 3451 et
667 3403 751 3460 illum,

257 3476 287 3516 ut
299 3476 360 3526 erat,
376 3471 530 3518 constantius
549 3471 710 3532 respondisse.
719 3497 752 3503 -

257 3536 417 3585 secundum
428 3549 536 3594 aurem,
547 3537 652 3597 dc'rectly
661 3536 755 3583 behind

256 3602 297 3648 mc
314 3618 365 3648 eor.
401 3603 466 3650 This
484 3603 606 3663 meaning
623 3602 652 3649 of
668 3617 752 3650 secun-

256 3668 316 3713 dam
327 3667 348 3714 is
361 3667 486 3723 Plautino,
497 3667 548 3714 and
558 3668 579 3714 is
589 3667 672 3716 found
681 3669 706 3714 in
716 3683 751 3714 no

256 3731 331 3779 other
339 3733 423 3780 writer
432 3732 461 3781 of
473 3733 517 3780 the
526 3733 642 3781 classical
652 3733 751 3795 period.

255 3795 409 3858 —ipsumr
428 3804 456 3846 to
468 3797 501 3847 be
512 3797 601 3860 joined
611 3798 672 3846 with
686 3799 752 3847 Ma-

808 2265 968 2330 gium—e
995 2264 1129 2330 vestigio,
1152 2267 1303 2332 sortkwr’th.

807 2346 896 2382 -eo:
920 2333 958 2381 i.c.
978 2338 1006 2380 to
1026 2331 1070 2380 the
1091 2332 1304 2383 Piraeus-co-

807 2398 925 2448 dicillis:
955 2413 999 2448 see
1031 2399 1096 2448 Intr.
1128 2400 1302 2464 59.-diem

808 2479 893 2515 suum
917 2466 1032 2515 obisse:
1056 2465 1245 2528 euphemistic;
1270 2468 1303 2516 cf.

808 2533 855 2596 Ep.
870 2533 980 2581 LXXV.
991 2547 1056 2594 4.-
1065 2533 1190 2582 inimici:
1204 2533 1303 2584 Caesar

807 2599 828 2648 is
841 2599 953 2662 thought
965 2598 995 2647 of
1010 2600 1155 2664 especially.

840 2680 863 2732 3.
881 2666 918 2716 ad
931 2666 1149 2716 tabernaculum
1163 2667 1242 2716 eius:
1258 2668 1303 2718 the

808 2733 912 2782 Piraeus
936 2732 1014 2796 being
1036 2733 1063 2781 in
1086 2733 1157 2782 ruins
1182 2734 1227 2797 (cf.
1253 2735 1300 2799 Ep.

807 2800 917 2848 LXXV.
927 2799 962 2862 a),
973 2800 1107 2849 travellers
1118 2814 1184 2848 were
1197 2800 1302 2864 obliged

806 2873 834 2915 to
857 2881 931 2930 camp
954 2867 980 2914 in
1009 2875 1086 2916 tents.
1098 2895 1132 2904 —
1143 2868 1301 2930 pauculos:

807 2933 911 2982 Servius
923 2933 1010 2982 shows
1022 2949 1038 2982 a
1051 2932 1178 2982 fondness
1196 2933 1239 2983 for
1257 2935 1301 2984 the

806 3015 852 3048 use
868 2999 898 3048 of
919 2999 1093 3050 diminutives.
1138 3000 1179 3049 Cf.
1198 3004 1302 3050 mulier-

804 3069 869 3126 cula,
892 3069 1071 3124 homunculus,
1095 3066 1147 3116 and
1172 3069 1301 3126 animula,

805 3135 853 3198 Ep.
867 3135 978 3183 LXXV.
987 3163 1020 3171 —
1029 3143 1123 3185 metu:
1142 3133 1163 3182 if
1179 3149 1195 3182 a
1208 3134 1299 3184 citizen

804 3216 856 3250 was
875 3200 1012 3250 murdered
1028 3201 1063 3266 by
1078 3217 1095 3250 a
1110 3203 1189 3258 slave,
1203 3202 1237 3250 all
1257 3201 1301 3251 the

803 3269 888 3317 slaves
905 3268 934 3316 of
952 3268 996 3317 the
1014 3267 1161 3317 household
1172 3284 1240 3318 were
1258 3269 1301 3318 lia·

803 3334 845 3383 ble
864 3343 891 3383 to
910 3334 941 3382 be
958 3343 1006 3397 put
1024 3344 1052 3384 to
1070 3334 1166 3394 death;
1185 3335 1220 3384 cf.
1237 3337 1299 3384 Tac.

803 3403 972 3461 Aun.14.42
990 3403 1132 3450 Pedanium
1151 3403 1298 3451 Secundum

803 3485 890 3516 servus
897 3469 979 3531 ipuus
987 3469 1116 3532 interfecit
1123 3484 1147 3525 ,·.
1158 3504 1163 3514 .
1175 3504 1180 3515 .
1190 3477 1298 3518 cetemm

803 3551 859 3582 cum
872 3542 953 3584 uetere
967 3551 999 3582 cx
1016 3551 1086 3583 morc
1094 3536 1231 3599 familiam
1250 3553 1299 3584 om·

805 3618 869 3657 nem,
887 3617 952 3666 quae
968 3602 1014 3648 sub
1029 3603 1110 3650 eodem
1129 3608 1188 3650 tecto
1206 3605 1300 3650 mansi·

803 3675 909 3725 tauerat,
916 3669 953 3716 aa'
958 3669 1111 3730 supplicium
1120 3670 1165 3730 agi
1170 3676 1298 3729 oporteret,

804 3742 851 3782 etc.
877 3735 950 3782 Even
960 3733 1035 3782 when
1047 3734 1091 3782 the
1104 3733 1236 3784 murderer
1247 3751 1300 3785 was

803 3807 849 3848 not
859 3815 909 3848 one
919 3799 948 3848 of
960 3800 1026 3849 their
1034 3799 1152 3858 number,
1160 3799 1205 3850 the
1214 3801 1300 3853 slaves
