<?xml version="1.0" encoding="UTF-8"?>
<!DOCTYPE html PUBLIC "-//W3C//DTD XHTML 1.0 Transitional//EN"
    "http://www.w3.org/TR/xhtml1/DTD/xhtml1-transitional.dtd">
<html xmlns="http://www.w3.org/1999/xhtml" xml:lang="en" lang="en">
 <head>
  <title>
</title>
<meta http-equiv="Content-Type" content="text/html;charset=utf-8" />
  <meta name='ocr-system' content='tesseract 3.04.00' />
  <meta name='ocr-capabilities' content='ocr_page ocr_carea ocr_par ocr_line ocrx_word'/>
</head>
<body>
  <div class='ocr_page' id='page_1' title='image "./selectedletters03cicegoog_0163.png"; bbox 0 0 2814 4330; ppageno 0'>
   <div class='ocr_carea' id='block_1_1' title="bbox 238 323 1293 391">
    <p class='ocr_par' dir='ltr' id='par_1_1' title="bbox 238 323 1293 391">
     <span class='ocr_line' id='line_1_1' title="bbox 238 323 1293 391; baseline 0.001 -15"><span class='ocrx_word' id='word_1_1' title='bbox 238 323 273 376; x_wconf 85' lang='lat'>80</span> <span class='ocrx_word' id='word_1_2' title='bbox 578 325 746 378; x_wconf 86' lang='lat' dir='ltr'><strong>CICERO’S</strong></span> <span class='ocrx_word' id='word_1_3' title='bbox 771 325 944 376; x_wconf 87' lang='lat' dir='ltr'>LETTERS.</span> <span class='ocrx_word' id='word_1_4' title='bbox 1103 323 1164 391; x_wconf 78' lang='lat' dir='ltr'>[Ep.</span> <span class='ocrx_word' id='word_1_5' title='bbox 1179 327 1293 378; x_wconf 78' lang='lat' dir='ltr'>XVIII.</span> 
     </span>
    </p>
   </div>
   <div class='ocr_carea' id='block_1_2' title="bbox 204 492 1387 3072">
    <p class='ocr_par' dir='ltr' id='par_1_2' title="bbox 204 492 1387 3072">
     <span class='ocr_line' id='line_1_2' title="bbox 239 492 1292 578; baseline 0.001 -20"><span class='ocrx_word' id='word_1_6' title='bbox 239 495 337 578; x_wconf 92' lang='lat' dir='ltr'>quod,</span> <span class='ocrx_word' id='word_1_7' title='bbox 356 514 432 558; x_wconf 94' lang='lat' dir='ltr'>cum</span> <span class='ocrx_word' id='word_1_8' title='bbox 456 493 490 557; x_wconf 93' lang='lat' dir='ltr'>in</span> <span class='ocrx_word' id='word_1_9' title='bbox 516 492 653 577; x_wconf 86' lang='lat' dir='ltr'>Sigeum</span> <span class='ocrx_word' id='word_1_10' title='bbox 675 494 832 569; x_wconf 92' lang='lat' dir='ltr'>venisset,</span> <span class='ocrx_word' id='word_1_11' title='bbox 852 494 1043 558; x_wconf 87' lang='lat' dir='ltr'>Alexander</span> <span class='ocrx_word' id='word_1_12' title='bbox 1066 495 1108 558; x_wconf 92' lang='lat' dir='ltr'>ab</span> <span class='ocrx_word' id='word_1_13' title='bbox 1134 495 1292 559; x_wconf 90' lang='lat' dir='ltr'><strong>Homero</strong></span> 
     </span>
     <span class='ocr_line' id='line_1_3' title="bbox 240 602 1387 696; baseline 0.002 -30"><span class='ocrx_word' id='word_1_14' title='bbox 240 602 365 666; x_wconf 87' lang='lat' dir='ltr'>Achiili</span> <span class='ocrx_word' id='word_1_15' title='bbox 380 603 543 666; x_wconf 91' lang='lat' dir='ltr'>tributum</span> <span class='ocrx_word' id='word_1_16' title='bbox 556 622 631 667; x_wconf 90' lang='lat' dir='ltr'>esse</span> <span class='ocrx_word' id='word_1_17' title='bbox 643 602 734 678; x_wconf 83' lang='lat' dir='ltr'>dixit,</span> <span class='ocrx_word' id='word_1_18' title='bbox 747 603 806 666; x_wconf 90' lang='lat' dir='ltr'>sed</span> <span class='ocrx_word' id='word_1_19' title='bbox 823 603 921 666; x_wconf 87' lang='lat' dir='ltr'>etiam</span> <span class='ocrx_word' id='word_1_20' title='bbox 938 622 1039 686; x_wconf 91' lang='lat' dir='ltr'>grave</span> <span class='ocrx_word' id='word_1_21' title='bbox 1056 603 1291 668; x_wconf 89' lang='lat' dir='ltr'>testimonium</span> <span class='ocrx_word' id='word_1_22' title='bbox 1386 673 1387 696; x_wconf 14' lang='grc' dir='ltr'>χ</span> 
     </span>
     <span class='ocr_line' id='line_1_4' title="bbox 239 710 1387 794; baseline 0 -20"><span class='ocrx_word' id='word_1_23' title='bbox 239 711 443 794; x_wconf 91' lang='lat' dir='ltr'>impertitum</span> <span class='ocrx_word' id='word_1_24' title='bbox 476 710 556 774; x_wconf 89' lang='lat' dir='ltr'>clari</span> <span class='ocrx_word' id='word_1_25' title='bbox 587 710 728 777; x_wconf 89' lang='lat' dir='ltr'>hominis</span> <span class='ocrx_word' id='word_1_26' title='bbox 760 711 938 793; x_wconf 83' lang='lat' dir='ltr'>magnique</span> <span class='ocrx_word' id='word_1_27' title='bbox 961 710 1120 776; x_wconf 90' lang='lat' dir='ltr'>videatur.</span> <span class='ocrx_word' id='word_1_28' title='bbox 1172 711 1291 776; x_wconf 86' lang='lat' dir='ltr'><strong>Placet</strong></span> <span class='ocrx_word' id='word_1_29' title='bbox 1386 767 1387 774; x_wconf 71' lang='grc'>,</span> 
     </span>
     <span class='ocr_line' id='line_1_5' title="bbox 240 818 1387 901; baseline 0.003 -19"><span class='ocrx_word' id='word_1_30' title='bbox 240 819 327 882; x_wconf 92' lang='lat' dir='ltr'>enim</span> <span class='ocrx_word' id='word_1_31' title='bbox 346 819 477 883; x_wconf 86' lang='lat' dir='ltr'>Hector</span> <span class='ocrx_word' id='word_1_32' title='bbox 495 819 550 882; x_wconf 87' lang='lat' dir='ltr'>iile</span> <span class='ocrx_word' id='word_1_33' title='bbox 571 819 651 883; x_wconf 95' lang='lat' dir='ltr'>mihi</span> <span class='ocrx_word' id='word_1_34' title='bbox 676 818 867 883; x_wconf 86' lang='lat' dir='ltr'>Naevianus</span> <span class='ocrx_word' id='word_1_35' title='bbox 884 819 1024 901; x_wconf 91' lang='lat' dir='ltr'>quinon</span> <span class='ocrx_word' id='word_1_36' title='bbox 1049 827 1179 884; x_wconf 91' lang='lat' dir='ltr'>tantum</span> <span class='ocrx_word' id='word_1_37' title='bbox 1200 820 1292 885; x_wconf 87' lang='lat' dir='ltr'>‘lau-</span> <span class='ocrx_word' id='word_1_38' title='bbox 1386 885 1387 894; x_wconf 65' lang='grc'>,</span> 
     </span>
     <span class='ocr_line' id='line_1_6' title="bbox 204 926 1290 1010; baseline 0.004 -20"><span class='ocrx_word' id='word_1_39' title='bbox 204 927 220 976; x_wconf 85' lang='grc'><strong>8</strong></span> <span class='ocrx_word' id='word_1_40' title='bbox 239 926 326 992; x_wconf 89' lang='lat' dir='ltr'>dari’</span> <span class='ocrx_word' id='word_1_41' title='bbox 342 948 379 992; x_wconf 92' lang='lat' dir='ltr'>se</span> <span class='ocrx_word' id='word_1_42' title='bbox 395 927 547 1003; x_wconf 89' lang='lat' dir='ltr'>laetatur,</span> <span class='ocrx_word' id='word_1_43' title='bbox 563 928 621 991; x_wconf 92' lang='lat' dir='ltr'>sed</span> <span class='ocrx_word' id='word_1_44' title='bbox 638 926 728 991; x_wconf 88' lang='lat' dir='ltr'>addit</span> <span class='ocrx_word' id='word_1_45' title='bbox 746 927 845 991; x_wconf 86' lang='lat' dir='ltr'>etiam</span> <span class='ocrx_word' id='word_1_46' title='bbox 864 939 902 991; x_wconf 85' lang='lat' dir='ltr'>‘a</span> <span class='ocrx_word' id='word_1_47' title='bbox 917 927 1052 991; x_wconf 92' lang='lat' dir='ltr'>laudato</span> <span class='ocrx_word' id='word_1_48' title='bbox 1064 926 1154 992; x_wconf 64' lang='lat' dir='ltr'>viro!</span> <span class='ocrx_word' id='word_1_49' title='bbox 1183 929 1290 1010; x_wconf 84' lang='lat' dir='ltr'>Quod</span> 
     </span>
     <span class='ocr_line' id='line_1_7' title="bbox 240 1035 1290 1120; baseline 0.003 -22"><span class='ocrx_word' id='word_1_50' title='bbox 240 1037 268 1099; x_wconf 93' lang='lat' dir='ltr'>si</span> <span class='ocrx_word' id='word_1_51' title='bbox 290 1056 310 1100; x_wconf 97' lang='lat' dir='ltr'>a</span> <span class='ocrx_word' id='word_1_52' title='bbox 334 1045 368 1100; x_wconf 93' lang='lat' dir='ltr'>te</span> <span class='ocrx_word' id='word_1_53' title='bbox 392 1057 459 1100; x_wconf 92' lang='lat' dir='ltr'>non</span> <span class='ocrx_word' id='word_1_54' title='bbox 485 1037 634 1118; x_wconf 91' lang='lat' dir='ltr'>impetm,</span> <span class='ocrx_word' id='word_1_55' title='bbox 653 1036 717 1100; x_wconf 92' lang='lat' dir='ltr'>hoc</span> <span class='ocrx_word' id='word_1_56' title='bbox 741 1045 802 1111; x_wconf 90' lang='lat' dir='ltr'>est,</span> <span class='ocrx_word' id='word_1_57' title='bbox 821 1035 950 1120; x_wconf 92' lang='lat' dir='ltr'>siquae</span> <span class='ocrx_word' id='word_1_58' title='bbox 973 1046 1009 1100; x_wconf 95' lang='lat' dir='ltr'>te</span> <span class='ocrx_word' id='word_1_59' title='bbox 1029 1056 1082 1100; x_wconf 93' lang='lat' dir='ltr'>res</span> <span class='ocrx_word' id='word_1_60' title='bbox 1099 1037 1290 1118; x_wconf 89' lang='lat' dir='ltr'>impedierit</span> 
     </span>
     <span class='ocr_line' id='line_1_8' title="bbox 238 1144 1290 1228; baseline 0.002 -20"><span class='ocrx_word' id='word_1_61' title='bbox 238 1165 403 1228; x_wconf 92' lang='lat' dir='ltr'>—neque</span> <span class='ocrx_word' id='word_1_62' title='bbox 420 1145 508 1208; x_wconf 92' lang='lat' dir='ltr'>enim</span> <span class='ocrx_word' id='word_1_63' title='bbox 524 1145 576 1208; x_wconf 80' lang='lat' dir='ltr'>ias</span> <span class='ocrx_word' id='word_1_64' title='bbox 594 1164 667 1208; x_wconf 91' lang='lat' dir='ltr'>esse</span> <span class='ocrx_word' id='word_1_65' title='bbox 683 1144 826 1208; x_wconf 86' lang='lat' dir='ltr'>arbitror</span> <span class='ocrx_word' id='word_1_66' title='bbox 841 1144 1015 1227; x_wconf 87' lang='lat' dir='ltr'>quicquam</span> <span class='ocrx_word' id='word_1_67' title='bbox 1031 1165 1086 1208; x_wconf 93' lang='lat' dir='ltr'>me</span> <span class='ocrx_word' id='word_1_68' title='bbox 1110 1154 1290 1227; x_wconf 85' lang='lat' dir='ltr'>rogantem</span> 
     </span>
     <span class='ocr_line' id='line_1_9' title="bbox 239 1251 1290 1336; baseline 0.001 -19"><span class='ocrx_word' id='word_1_69' title='bbox 239 1253 299 1317; x_wconf 88' lang='lat' dir='ltr'>abs</span> <span class='ocrx_word' id='word_1_70' title='bbox 330 1263 366 1317; x_wconf 94' lang='lat' dir='ltr'>te</span> <span class='ocrx_word' id='word_1_71' title='bbox 396 1274 464 1317; x_wconf 90' lang='lat' dir='ltr'>non</span> <span class='ocrx_word' id='word_1_72' title='bbox 496 1254 739 1336; x_wconf 72' lang='lat' dir='ltr'>impetrare-</span> <span class='ocrx_word' id='word_1_73' title='bbox 755 1273 854 1336; x_wconf 89' lang='lat' dir='ltr'>cogar</span> <span class='ocrx_word' id='word_1_74' title='bbox 885 1251 1029 1317; x_wconf 81' lang='lat' dir='ltr'>fortasse</span> <span class='ocrx_word' id='word_1_75' title='bbox 1059 1253 1170 1317; x_wconf 82' lang='lat' dir='ltr'>facere</span> <span class='ocrx_word' id='word_1_76' title='bbox 1195 1257 1290 1335; x_wconf 93' lang='lat' dir='ltr'>quod</span> 
     </span>
     <span class='ocr_line' id='line_1_10' title="bbox 240 1349 1290 1444; baseline 0 -19"><span class='ocrx_word' id='word_1_77' title='bbox 240 1361 392 1425; x_wconf 91' lang='lat' dir='ltr'>nonnulli</span> <span class='ocrx_word' id='word_1_78' title='bbox 408 1381 507 1444; x_wconf 88' lang='lat' dir='ltr'>saepe</span> <span class='ocrx_word' id='word_1_79' title='bbox 523 1349 789 1444; x_wconf 89' lang='lat' dir='ltr'>reprehendunt:</span> <span class='ocrx_word' id='word_1_80' title='bbox 812 1361 952 1425; x_wconf 90' lang='lat' dir='ltr'>scribam</span> <span class='ocrx_word' id='word_1_81' title='bbox 976 1361 1048 1444; x_wconf 90' lang='lat' dir='ltr'>ipse</span> <span class='ocrx_word' id='word_1_82' title='bbox 1065 1361 1106 1424; x_wconf 93' lang='lat' dir='ltr'>de</span> <span class='ocrx_word' id='word_1_83' title='bbox 1122 1381 1184 1436; x_wconf 93' lang='lat' dir='ltr'>me,</span> <span class='ocrx_word' id='word_1_84' title='bbox 1203 1363 1290 1425; x_wconf 93' lang='lat' dir='ltr'>mul-</span> 
     </span>
     <span class='ocr_line' id='line_1_11' title="bbox 240 1469 1289 1560; baseline 0.001 -27"><span class='ocrx_word' id='word_1_85' title='bbox 240 1479 350 1560; x_wconf 80' lang='lat' dir='ltr'>torum</span> <span class='ocrx_word' id='word_1_86' title='bbox 366 1479 479 1534; x_wconf 90' lang='lat' dir='ltr'>tamen</span> <span class='ocrx_word' id='word_1_87' title='bbox 497 1470 648 1552; x_wconf 87' lang='lat' dir='ltr'>exemplo</span> <span class='ocrx_word' id='word_1_88' title='bbox 664 1479 699 1533; x_wconf 90' lang='lat' dir='ltr'>et</span> <span class='ocrx_word' id='word_1_89' title='bbox 716 1469 878 1534; x_wconf 88' lang='lat' dir='ltr'>clarorum</span> <span class='ocrx_word' id='word_1_90' title='bbox 894 1469 1047 1532; x_wconf 91' lang='lat' dir='ltr'>virorum.</span> <span class='ocrx_word' id='word_1_91' title='bbox 1098 1469 1176 1545; x_wconf 89' lang='lat' dir='ltr'>Sed,</span> <span class='ocrx_word' id='word_1_92' title='bbox 1194 1472 1289 1553; x_wconf 93' lang='lat' dir='ltr'>quod</span> 
     </span>
     <span class='ocr_line' id='line_1_12' title="bbox 240 1577 1289 1661; baseline -0.002 -18"><span class='ocrx_word' id='word_1_93' title='bbox 240 1589 275 1643; x_wconf 92' lang='lat' dir='ltr'>te</span> <span class='ocrx_word' id='word_1_94' title='bbox 300 1599 366 1642; x_wconf 91' lang='lat' dir='ltr'>non</span> <span class='ocrx_word' id='word_1_95' title='bbox 390 1579 487 1661; x_wconf 83' lang='lat' dir='ltr'>fugit,</span> <span class='ocrx_word' id='word_1_96' title='bbox 514 1579 596 1642; x_wconf 93' lang='lat' dir='ltr'>haec</span> <span class='ocrx_word' id='word_1_97' title='bbox 621 1578 757 1642; x_wconf 93' lang='lat' dir='ltr'>suntin</span> <span class='ocrx_word' id='word_1_98' title='bbox 782 1578 845 1642; x_wconf 93' lang='lat' dir='ltr'>hoc</span> <span class='ocrx_word' id='word_1_99' title='bbox 870 1597 993 1660; x_wconf 90' lang='lat' dir='ltr'>genere</span> <span class='ocrx_word' id='word_1_100' title='bbox 1017 1577 1112 1641; x_wconf 89' lang='lat' dir='ltr'>vitia:</span> <span class='ocrx_word' id='word_1_101' title='bbox 1136 1587 1169 1641; x_wconf 90' lang='lat' dir='ltr'>et</span> <span class='ocrx_word' id='word_1_102' title='bbox 1193 1598 1289 1641; x_wconf 91' lang='lat' dir='ltr'>vere-</span> 
     </span>
     <span class='ocr_line' id='line_1_13' title="bbox 241 1686 1387 1770; baseline 0.002 -20"><span class='ocrx_word' id='word_1_103' title='bbox 241 1688 380 1751; x_wconf 90' lang='lat' dir='ltr'>cundius</span> <span class='ocrx_word' id='word_1_104' title='bbox 404 1687 465 1769; x_wconf 89' lang='lat' dir='ltr'>ipsi</span> <span class='ocrx_word' id='word_1_105' title='bbox 488 1688 531 1750; x_wconf 90' lang='lat' dir='ltr'>de</span> <span class='ocrx_word' id='word_1_106' title='bbox 554 1706 630 1751; x_wconf 90' lang='lat' dir='ltr'>sese</span> <span class='ocrx_word' id='word_1_107' title='bbox 654 1686 799 1752; x_wconf 88' lang='lat' dir='ltr'>scribant</span> <span class='ocrx_word' id='word_1_108' title='bbox 825 1705 964 1750; x_wconf 92' lang='lat' dir='ltr'>necesse</span> <span class='ocrx_word' id='word_1_109' title='bbox 989 1695 1050 1761; x_wconf 91' lang='lat' dir='ltr'>est,</span> <span class='ocrx_word' id='word_1_110' title='bbox 1076 1687 1105 1751; x_wconf 92' lang='lat' dir='ltr'>si</span> <span class='ocrx_word' id='word_1_111' title='bbox 1128 1687 1206 1770; x_wconf 90' lang='lat' dir='ltr'>quid</span> <span class='ocrx_word' id='word_1_112' title='bbox 1231 1699 1287 1752; x_wconf 90' lang='lat' dir='ltr'>est</span> <span class='ocrx_word' id='word_1_113' title='bbox 1386 1757 1387 1764; x_wconf 7' lang='grc' dir='ltr'>χ</span> 
     </span>
     <span class='ocr_line' id='line_1_14' title="bbox 240 1795 1284 1878; baseline 0.003 -20"><span class='ocrx_word' id='word_1_114' title='bbox 240 1796 449 1871; x_wconf 91' lang='lat' dir='ltr'>laudandum,</span> <span class='ocrx_word' id='word_1_115' title='bbox 466 1805 499 1858; x_wconf 92' lang='lat' dir='ltr'>et</span> <span class='ocrx_word' id='word_1_116' title='bbox 516 1805 737 1878; x_wconf 90' lang='lat' dir='ltr'>praetereant,</span> <span class='ocrx_word' id='word_1_117' title='bbox 752 1795 781 1859; x_wconf 93' lang='lat' dir='ltr'>si</span> <span class='ocrx_word' id='word_1_118' title='bbox 797 1796 874 1878; x_wconf 92' lang='lat' dir='ltr'>quid</span> <span class='ocrx_word' id='word_1_119' title='bbox 892 1795 1202 1878; x_wconf 90' lang='lat' dir='ltr'>reprehendendum</span> <span class='ocrx_word' id='word_1_120' title='bbox 1220 1807 1284 1862; x_wconf 91' lang='lat' dir='ltr'>est.</span> 
     </span>
     <span class='ocr_line' id='line_1_15' title="bbox 241 1904 1288 1980; baseline 0.001 -12"><span class='ocrx_word' id='word_1_121' title='bbox 241 1905 383 1968; x_wconf 90' lang='lat' dir='ltr'>Accedit</span> <span class='ocrx_word' id='word_1_122' title='bbox 401 1905 499 1968; x_wconf 89' lang='lat' dir='ltr'>etiam</span> <span class='ocrx_word' id='word_1_123' title='bbox 518 1913 554 1967; x_wconf 92' lang='lat' dir='ltr'>ut</span> <span class='ocrx_word' id='word_1_124' title='bbox 571 1904 679 1968; x_wconf 93' lang='lat' dir='ltr'>minor</span> <span class='ocrx_word' id='word_1_125' title='bbox 695 1904 737 1968; x_wconf 89' lang='lat' dir='ltr'>sit</span> <span class='ocrx_word' id='word_1_126' title='bbox 755 1904 847 1978; x_wconf 85' lang='lat' dir='ltr'>fides,</span> <span class='ocrx_word' id='word_1_127' title='bbox 862 1904 969 1967; x_wconf 91' lang='lat' dir='ltr'>minor</span> <span class='ocrx_word' id='word_1_128' title='bbox 986 1904 1175 1980; x_wconf 89' lang='lat' dir='ltr'>auctoritas,</span> <span class='ocrx_word' id='word_1_129' title='bbox 1186 1905 1288 1969; x_wconf 91' lang='lat' dir='ltr'>multi</span> 
     </span>
     <span class='ocr_line' id='line_1_16' title="bbox 240 2012 1288 2096; baseline 0.002 -20"><span class='ocrx_word' id='word_1_130' title='bbox 240 2014 383 2096; x_wconf 91' lang='lat' dir='ltr'>denique</span> <span class='ocrx_word' id='word_1_131' title='bbox 397 2014 642 2096; x_wconf 89' lang='lat' dir='ltr'>reprehendant</span> <span class='ocrx_word' id='word_1_132' title='bbox 657 2022 692 2076; x_wconf 93' lang='lat' dir='ltr'>et</span> <span class='ocrx_word' id='word_1_133' title='bbox 706 2013 817 2076; x_wconf 91' lang='lat' dir='ltr'>dicant</span> <span class='ocrx_word' id='word_1_134' title='bbox 830 2012 1085 2077; x_wconf 88' lang='lat' dir='ltr'>verecundiores</span> <span class='ocrx_word' id='word_1_135' title='bbox 1103 2033 1176 2077; x_wconf 91' lang='lat' dir='ltr'>esse</span> <span class='ocrx_word' id='word_1_136' title='bbox 1193 2034 1288 2096; x_wconf 92' lang='lat' dir='ltr'>prae-</span> 
     </span>
     <span class='ocr_line' id='line_1_17' title="bbox 240 2121 1288 2206; baseline 0.001 -21"><span class='ocrx_word' id='word_1_137' title='bbox 240 2141 349 2185; x_wconf 88' lang='lat' dir='ltr'>cones.</span> <span class='ocrx_word' id='word_1_138' title='bbox 366 2121 518 2184; x_wconf 91' lang='lat' dir='ltr'>ludorum</span> <span class='ocrx_word' id='word_1_139' title='bbox 544 2121 785 2206; x_wconf 88' lang='lat' dir='ltr'>gymnicorum,</span> <span class='ocrx_word' id='word_1_140' title='bbox 813 2121 967 2204; x_wconf 90' lang='lat' dir='ltr'>quicum</span> <span class='ocrx_word' id='word_1_141' title='bbox 993 2121 1112 2185; x_wconf 86' lang='lat' dir='ltr'>ceteris</span> <span class='ocrx_word' id='word_1_142' title='bbox 1145 2142 1288 2187; x_wconf 87' lang='lat' dir='ltr'>coronas</span> 
     </span>
     <span class='ocr_line' id='line_1_18' title="bbox 239 2229 1288 2312; baseline 0.001 -19"><span class='ocrx_word' id='word_1_143' title='bbox 239 2229 456 2312; x_wconf 90' lang='lat' dir='ltr'>imposuerint</span> <span class='ocrx_word' id='word_1_144' title='bbox 481 2229 662 2293; x_wconf 89' lang='lat' dir='ltr'>victoribus</span> <span class='ocrx_word' id='word_1_145' title='bbox 691 2248 872 2312; x_wconf 92' lang='lat' dir='ltr'>eorumque</span> <span class='ocrx_word' id='word_1_146' title='bbox 901 2229 1034 2293; x_wconf 92' lang='lat' dir='ltr'>nomina</span> <span class='ocrx_word' id='word_1_147' title='bbox 1057 2250 1178 2312; x_wconf 90' lang='lat' dir='ltr'>magna</span> <span class='ocrx_word' id='word_1_148' title='bbox 1200 2251 1288 2294; x_wconf 89' lang='lat' dir='ltr'>voce</span> 
     </span>
     <span class='ocr_line' id='line_1_19' title="bbox 239 2337 1289 2421; baseline 0.003 -21"><span class='ocrx_word' id='word_1_149' title='bbox 239 2338 493 2421; x_wconf 90' lang='lat' dir='ltr'>pronuntiarint,</span> <span class='ocrx_word' id='word_1_150' title='bbox 513 2358 588 2402; x_wconf 93' lang='lat' dir='ltr'>cum</span> <span class='ocrx_word' id='word_1_151' title='bbox 605 2337 667 2421; x_wconf 92' lang='lat' dir='ltr'>ipsi</span> <span class='ocrx_word' id='word_1_152' title='bbox 682 2348 761 2401; x_wconf 90' lang='lat' dir='ltr'>ante</span> <span class='ocrx_word' id='word_1_153' title='bbox 786 2337 938 2401; x_wconf 91' lang='lat' dir='ltr'>ludorum</span> <span class='ocrx_word' id='word_1_154' title='bbox 955 2337 1145 2402; x_wconf 89' lang='lat' dir='ltr'>missionem</span> <span class='ocrx_word' id='word_1_155' title='bbox 1162 2359 1289 2403; x_wconf 88' lang='lat' dir='ltr'>corona</span> 
     </span>
     <span class='ocr_line' id='line_1_20' title="bbox 239 2446 1287 2529; baseline 0.001 -19"><span class='ocrx_word' id='word_1_156' title='bbox 239 2448 416 2522; x_wconf 92' lang='lat' dir='ltr'>donentur,</span> <span class='ocrx_word' id='word_1_157' title='bbox 443 2446 542 2510; x_wconf 87' lang='lat' dir='ltr'>alium</span> <span class='ocrx_word' id='word_1_158' title='bbox 567 2466 764 2529; x_wconf 89' lang='lat' dir='ltr'>praeconem</span> <span class='ocrx_word' id='word_1_159' title='bbox 785 2446 972 2521; x_wconf 89' lang='lat' dir='ltr'>adhibeant,</span> <span class='ocrx_word' id='word_1_160' title='bbox 992 2467 1035 2510; x_wconf 92' lang='lat' dir='ltr'>ne</span> <span class='ocrx_word' id='word_1_161' title='bbox 1059 2466 1119 2510; x_wconf 93' lang='lat' dir='ltr'>sua</span> <span class='ocrx_word' id='word_1_162' title='bbox 1141 2467 1223 2510; x_wconf 90' lang='lat' dir='ltr'>voce</span> <span class='ocrx_word' id='word_1_163' title='bbox 1248 2468 1287 2511; x_wconf 92' lang='lat' dir='ltr'>se</span> 
     </span>
     <span class='ocr_line' id='line_1_21' title="bbox 206 2554 1286 2638; baseline 0.001 -19"><span class='ocrx_word' id='word_1_164' title='bbox 206 2569 222 2619; x_wconf 89' lang='lat'>9</span> <span class='ocrx_word' id='word_1_165' title='bbox 239 2555 301 2638; x_wconf 91' lang='lat' dir='ltr'>ipsi</span> <span class='ocrx_word' id='word_1_166' title='bbox 316 2555 459 2619; x_wconf 89' lang='lat' dir='ltr'>victores</span> <span class='ocrx_word' id='word_1_167' title='bbox 477 2574 551 2619; x_wconf 91' lang='lat' dir='ltr'>esse</span> <span class='ocrx_word' id='word_1_168' title='bbox 568 2555 770 2638; x_wconf 89' lang='lat' dir='ltr'>praedicent.</span> <span class='ocrx_word' id='word_1_169' title='bbox 823 2554 918 2619; x_wconf 90' lang='lat' dir='ltr'>Haec</span> <span class='ocrx_word' id='word_1_170' title='bbox 936 2574 996 2619; x_wconf 89' lang='lat' dir='ltr'>nos</span> <span class='ocrx_word' id='word_1_171' title='bbox 1012 2555 1116 2618; x_wconf 90' lang='lat' dir='ltr'>vitare</span> <span class='ocrx_word' id='word_1_172' title='bbox 1134 2555 1286 2638; x_wconf 90' lang='lat' dir='ltr'>cupimus</span> 
     </span>
     <span class='ocr_line' id='line_1_22' title="bbox 240 2662 1284 2746; baseline 0.001 -19"><span class='ocrx_word' id='word_1_173' title='bbox 240 2674 284 2738; x_wconf 91' lang='lat' dir='ltr'>et,</span> <span class='ocrx_word' id='word_1_174' title='bbox 302 2663 330 2727; x_wconf 89' lang='lat' dir='ltr'>si</span> <span class='ocrx_word' id='word_1_175' title='bbox 346 2663 463 2746; x_wconf 89' lang='lat' dir='ltr'>recipis</span> <span class='ocrx_word' id='word_1_176' title='bbox 481 2683 613 2728; x_wconf 91' lang='lat' dir='ltr'>causam</span> <span class='ocrx_word' id='word_1_177' title='bbox 631 2673 787 2737; x_wconf 92' lang='lat' dir='ltr'>nostram,</span> <span class='ocrx_word' id='word_1_178' title='bbox 805 2662 992 2738; x_wconf 71' lang='lat' dir='ltr'>vitabimus</span> <span class='ocrx_word' id='word_1_179' title='bbox 1011 2663 1110 2745; x_wconf 91' lang='lat' dir='ltr'>idque</span> <span class='ocrx_word' id='word_1_180' title='bbox 1127 2671 1163 2726; x_wconf 92' lang='lat' dir='ltr'>ut</span> <span class='ocrx_word' id='word_1_181' title='bbox 1181 2663 1284 2728; x_wconf 85' lang='lat' dir='ltr'>facias</span> 
     </span>
     <span class='ocr_line' id='line_1_23' title="bbox 239 2771 1286 2855; baseline 0.002 -21"><span class='ocrx_word' id='word_1_182' title='bbox 239 2793 403 2855; x_wconf 90' lang='lat' dir='ltr'>rogamus.</span> <span class='ocrx_word' id='word_1_183' title='bbox 466 2772 519 2836; x_wconf 91' lang='lat' dir='ltr'>Ac</span> <span class='ocrx_word' id='word_1_184' title='bbox 543 2792 586 2835; x_wconf 90' lang='lat' dir='ltr'>ne</span> <span class='ocrx_word' id='word_1_185' title='bbox 614 2771 703 2835; x_wconf 81' lang='lat' dir='ltr'>forte</span> <span class='ocrx_word' id='word_1_186' title='bbox 733 2771 851 2835; x_wconf 87' lang='lat' dir='ltr'>mirere</span> <span class='ocrx_word' id='word_1_187' title='bbox 880 2792 947 2846; x_wconf 89' lang='lat' dir='ltr'>cur,</span> <span class='ocrx_word' id='word_1_188' title='bbox 972 2792 1047 2835; x_wconf 92' lang='lat' dir='ltr'>cum</span> <span class='ocrx_word' id='word_1_189' title='bbox 1074 2771 1153 2834; x_wconf 89' lang='lat' dir='ltr'>mihi</span> <span class='ocrx_word' id='word_1_190' title='bbox 1185 2791 1286 2855; x_wconf 88' lang='lat' dir='ltr'>saepe</span> 
     </span>
     <span class='ocr_line' id='line_1_24' title="bbox 239 2880 1286 2962; baseline 0.001 -19"><span class='ocrx_word' id='word_1_191' title='bbox 239 2880 424 2944; x_wconf 90' lang='lat' dir='ltr'>ostenderis</span> <span class='ocrx_word' id='word_1_192' title='bbox 449 2888 483 2943; x_wconf 96' lang='lat' dir='ltr'>te</span> <span class='ocrx_word' id='word_1_193' title='bbox 506 2880 754 2945; x_wconf 88' lang='lat' dir='ltr'>accuratissime</span> <span class='ocrx_word' id='word_1_194' title='bbox 779 2889 968 2943; x_wconf 91' lang='lat' dir='ltr'>nostrorum</span> <span class='ocrx_word' id='word_1_195' title='bbox 997 2890 1183 2962; x_wconf 86' lang='lat' dir='ltr'>temporum</span> <span class='ocrx_word' id='word_1_196' title='bbox 1208 2900 1286 2944; x_wconf 92' lang='lat' dir='ltr'>con-</span> 
     </span>
     <span class='ocr_line' id='line_1_25' title="bbox 239 2989 1285 3072; baseline 0 -20"><span class='ocrx_word' id='word_1_197' title='bbox 239 2989 310 3052; x_wconf 89' lang='lat' dir='ltr'>silia</span> <span class='ocrx_word' id='word_1_198' title='bbox 333 2998 435 3072; x_wconf 91' lang='lat' dir='ltr'>atque</span> <span class='ocrx_word' id='word_1_199' title='bbox 460 2998 600 3052; x_wconf 91' lang='lat' dir='ltr'>eventus</span> <span class='ocrx_word' id='word_1_200' title='bbox 625 2989 746 3052; x_wconf 88' lang='lat' dir='ltr'>litteris</span> <span class='ocrx_word' id='word_1_201' title='bbox 772 2990 1014 3063; x_wconf 89' lang='lat' dir='ltr'>mandaturum,</span> <span class='ocrx_word' id='word_1_202' title='bbox 1036 3010 1055 3052; x_wconf 94' lang='lat' dir='ltr'>a</span> <span class='ocrx_word' id='word_1_203' title='bbox 1079 2998 1113 3052; x_wconf 92' lang='lat' dir='ltr'>te</span> <span class='ocrx_word' id='word_1_204' title='bbox 1137 2989 1169 3051; x_wconf 91' lang='lat' dir='ltr'>id</span> <span class='ocrx_word' id='word_1_205' title='bbox 1194 3009 1285 3052; x_wconf 91' lang='lat' dir='ltr'>nunc</span> 
     </span>
    </p>
   </div>
   <div class='ocr_carea' id='block_1_3' title="bbox 233 3162 1287 3893">
    <p class='ocr_par' dir='ltr' id='par_1_3' title="bbox 233 3162 1287 3893">
     <span class='ocr_line' id='line_1_26' title="bbox 238 3162 1285 3228; baseline 0 -16"><span class='ocrx_word' id='word_1_206' title='bbox 238 3177 304 3214; x_wconf 86' lang='lat' dir='ltr'>curn</span> <span class='ocrx_word' id='word_1_207' title='bbox 315 3164 344 3213; x_wconf 85' lang='lat' dir='ltr'>in</span> <span class='ocrx_word' id='word_1_208' title='bbox 355 3165 475 3228; x_wconf 79' lang='lat' dir='ltr'>Sigeum</span> <span class='ocrx_word' id='word_1_209' title='bbox 485 3164 626 3214; x_wconf 86' lang='lat' dir='ltr'>venisset:</span> <span class='ocrx_word' id='word_1_210' title='bbox 636 3163 669 3213; x_wconf 82' lang='lat' dir='ltr'>cf.</span> <span class='ocrx_word' id='word_1_211' title='bbox 680 3163 734 3213; x_wconf 89' lang='lat' dir='ltr'>Cic.</span> <span class='ocrx_word' id='word_1_212' title='bbox 819 3162 842 3212; x_wconf 92' lang='lat'>8.</span> <span class='ocrx_word' id='word_1_213' title='bbox 857 3163 982 3213; x_wconf 86' lang='lat' dir='ltr'>scribam</span> <span class='ocrx_word' id='word_1_214' title='bbox 994 3163 1058 3227; x_wconf 88' lang='lat' dir='ltr'>ipse</span> <span class='ocrx_word' id='word_1_215' title='bbox 1070 3163 1106 3212; x_wconf 88' lang='lat' dir='ltr'>de</span> <span class='ocrx_word' id='word_1_216' title='bbox 1119 3177 1177 3212; x_wconf 89' lang='lat' dir='ltr'>me:</span> <span class='ocrx_word' id='word_1_217' title='bbox 1190 3163 1285 3212; x_wconf 86' lang='lat' dir='ltr'>Cicero</span> 
     </span>
     <span class='ocr_line' id='line_1_27' title="bbox 233 3229 1287 3295; baseline 0 -17"><span class='ocrx_word' id='word_1_218' title='bbox 233 3238 285 3292; x_wconf 81' lang='lat' dir='ltr'>pro</span> <span class='ocrx_word' id='word_1_219' title='bbox 301 3232 382 3279; x_wconf 84' lang='lat' dir='ltr'>Arch.</span> <span class='ocrx_word' id='word_1_220' title='bbox 399 3245 480 3291; x_wconf 76' lang='lat'>24-</span> <span class='ocrx_word' id='word_1_221' title='bbox 489 3232 601 3280; x_wconf 82' lang='lat' dir='ltr'>Hector</span> <span class='ocrx_word' id='word_1_222' title='bbox 626 3231 734 3282; x_wconf 85' lang='lat' dir='ltr'>Naevi·</span> <span class='ocrx_word' id='word_1_223' title='bbox 786 3229 838 3278; x_wconf 88' lang='lat' dir='ltr'>had</span> <span class='ocrx_word' id='word_1_224' title='bbox 851 3230 954 3295; x_wconf 89' lang='lat' dir='ltr'>already</span> <span class='ocrx_word' id='word_1_225' title='bbox 963 3231 1062 3279; x_wconf 81' lang='lat' dir='ltr'>written</span> <span class='ocrx_word' id='word_1_226' title='bbox 1075 3230 1243 3279; x_wconf 79' lang='lat' dir='ltr'>a‘Memoir’</span> <span class='ocrx_word' id='word_1_227' title='bbox 1257 3231 1287 3278; x_wconf 82' lang='lat' dir='ltr'>ot</span> 
     </span>
     <span class='ocr_line' id='line_1_28' title="bbox 238 3297 1284 3362; baseline 0 -16"><span class='ocrx_word' id='word_1_228' title='bbox 238 3311 331 3347; x_wconf 77' lang='lat' dir='ltr'>anus:</span> <span class='ocrx_word' id='word_1_229' title='bbox 349 3299 387 3346; x_wconf 85' lang='lat' dir='ltr'>i.e.</span> <span class='ocrx_word' id='word_1_230' title='bbox 402 3298 503 3347; x_wconf 90' lang='lat' dir='ltr'>Hector</span> <span class='ocrx_word' id='word_1_231' title='bbox 519 3298 546 3346; x_wconf 92' lang='lat' dir='ltr'>in</span> <span class='ocrx_word' id='word_1_232' title='bbox 564 3298 610 3347; x_wconf 84' lang='lat' dir='ltr'>the</span> <span class='ocrx_word' id='word_1_233' title='bbox 627 3297 735 3362; x_wconf 85' lang='lat' dir='ltr'>tragedy</span> <span class='ocrx_word' id='word_1_234' title='bbox 786 3297 827 3346; x_wconf 91' lang='lat' dir='ltr'>bis</span> <span class='ocrx_word' id='word_1_235' title='bbox 839 3297 990 3360; x_wconf 89' lang='lat' dir='ltr'>consulship</span> <span class='ocrx_word' id='word_1_236' title='bbox 1002 3298 1028 3345; x_wconf 90' lang='lat' dir='ltr'>in</span> <span class='ocrx_word' id='word_1_237' title='bbox 1046 3297 1131 3345; x_wconf 88' lang='lat' dir='ltr'>Greek</span> <span class='ocrx_word' id='word_1_238' title='bbox 1147 3297 1211 3360; x_wconf 73' lang='lat' dir='ltr'>(Art.</span> <span class='ocrx_word' id='word_1_239' title='bbox 1225 3311 1247 3344; x_wconf 89' lang='lat'>2.</span> <span class='ocrx_word' id='word_1_240' title='bbox 1263 3311 1284 3346; x_wconf 90' lang='lat'>1.</span> 
     </span>
     <span class='ocr_line' id='line_1_29' title="bbox 239 3363 1285 3429; baseline -0.001 -16"><span class='ocrx_word' id='word_1_241' title='bbox 239 3365 345 3429; x_wconf 79' lang='lat' dir='ltr'>(Hector</span> <span class='ocrx_word' id='word_1_242' title='bbox 361 3364 535 3428; x_wconf 76' lang='lat' dir='ltr'>proficimus)</span> <span class='ocrx_word' id='word_1_243' title='bbox 557 3364 587 3412; x_wconf 82' lang='lat' dir='ltr'>of</span> <span class='ocrx_word' id='word_1_244' title='bbox 611 3365 733 3414; x_wconf 87' lang='lat' dir='ltr'>Naevius.</span> <span class='ocrx_word' id='word_1_245' title='bbox 789 3377 812 3425; x_wconf 83' lang='lat'>13</span> <span class='ocrx_word' id='word_1_246' title='bbox 828 3377 898 3418; x_wconf 78' lang='lat' dir='ltr'>1.,2o.</span> <span class='ocrx_word' id='word_1_247' title='bbox 909 3363 944 3424; x_wconf 83' lang='lat'>6),</span> <span class='ocrx_word' id='word_1_248' title='bbox 957 3363 1009 3412; x_wconf 91' lang='lat' dir='ltr'>and</span> <span class='ocrx_word' id='word_1_249' title='bbox 1022 3372 1075 3412; x_wconf 87' lang='lat' dir='ltr'>two</span> <span class='ocrx_word' id='word_1_250' title='bbox 1087 3379 1162 3428; x_wconf 87' lang='lat' dir='ltr'>years</span> <span class='ocrx_word' id='word_1_251' title='bbox 1174 3363 1285 3412; x_wconf 89' lang='lat' dir='ltr'>laterbe</span> 
     </span>
     <span class='ocr_line' id='line_1_30' title="bbox 238 3428 1284 3496; baseline -0.001 -16"><span class='ocrx_word' id='word_1_252' title='bbox 238 3430 352 3494; x_wconf 86' lang='lat' dir='ltr'>Writing</span> <span class='ocrx_word' id='word_1_253' title='bbox 364 3439 392 3480; x_wconf 89' lang='lat' dir='ltr'>to</span> <span class='ocrx_word' id='word_1_254' title='bbox 405 3431 445 3480; x_wconf 90' lang='lat' dir='ltr'>his</span> <span class='ocrx_word' id='word_1_255' title='bbox 458 3431 561 3496; x_wconf 87' lang='lat' dir='ltr'>literary</span> <span class='ocrx_word' id='word_1_256' title='bbox 572 3430 657 3480; x_wconf 79' lang='lat' dir='ltr'>friend</span> <span class='ocrx_word' id='word_1_257' title='bbox 671 3433 735 3480; x_wconf 90' lang='lat' dir='ltr'>Luc·</span> <span class='ocrx_word' id='word_1_258' title='bbox 786 3428 929 3494; x_wconf 86' lang='lat' dir='ltr'>composed</span> <span class='ocrx_word' id='word_1_259' title='bbox 941 3445 957 3478; x_wconf 88' lang='lat' dir='ltr'>a</span> <span class='ocrx_word' id='word_1_260' title='bbox 969 3445 1045 3494; x_wconf 88' lang='lat' dir='ltr'>poem</span> <span class='ocrx_word' id='word_1_261' title='bbox 1062 3429 1088 3478; x_wconf 94' lang='lat' dir='ltr'>in</span> <span class='ocrx_word' id='word_1_262' title='bbox 1107 3429 1179 3478; x_wconf 89' lang='lat' dir='ltr'>three</span> <span class='ocrx_word' id='word_1_263' title='bbox 1196 3429 1284 3479; x_wconf 89' lang='lat' dir='ltr'>books</span> 
     </span>
     <span class='ocr_line' id='line_1_31' title="bbox 237 3495 1283 3561; baseline -0.004 -13"><span class='ocrx_word' id='word_1_264' title='bbox 237 3497 316 3556; x_wconf 87' lang='lat' dir='ltr'>ceius,</span> <span class='ocrx_word' id='word_1_265' title='bbox 335 3498 428 3547; x_wconf 89' lang='lat' dir='ltr'>Cicero</span> <span class='ocrx_word' id='word_1_266' title='bbox 447 3498 511 3547; x_wconf 89' lang='lat' dir='ltr'>cites</span> <span class='ocrx_word' id='word_1_267' title='bbox 529 3497 574 3546; x_wconf 89' lang='lat' dir='ltr'>the</span> <span class='ocrx_word' id='word_1_268' title='bbox 594 3505 669 3547; x_wconf 87' lang='lat' dir='ltr'>exact</span> <span class='ocrx_word' id='word_1_269' title='bbox 692 3513 735 3546; x_wconf 90' lang='lat' dir='ltr'>au·</span> <span class='ocrx_word' id='word_1_270' title='bbox 787 3513 857 3561; x_wconf 91' lang='lat' dir='ltr'>upon</span> <span class='ocrx_word' id='word_1_271' title='bbox 870 3497 915 3546; x_wconf 89' lang='lat' dir='ltr'>the</span> <span class='ocrx_word' id='word_1_272' title='bbox 927 3513 998 3546; x_wconf 91' lang='lat' dir='ltr'>same</span> <span class='ocrx_word' id='word_1_273' title='bbox 1011 3495 1112 3560; x_wconf 88' lang='lat' dir='ltr'>subject</span> <span class='ocrx_word' id='word_1_274' title='bbox 1126 3497 1209 3560; x_wconf 86' lang='lat' dir='ltr'>(Fam.</span> <span class='ocrx_word' id='word_1_275' title='bbox 1225 3509 1245 3544; x_wconf 89' lang='lat'>1.</span> <span class='ocrx_word' id='word_1_276' title='bbox 1260 3511 1283 3560; x_wconf 91' lang='lat'>9.</span> 
     </span>
     <span class='ocr_line' id='line_1_32' title="bbox 237 3563 1285 3630; baseline -0.003 -16"><span class='ocrx_word' id='word_1_277' title='bbox 237 3565 615 3630; x_wconf 73' lang='lat' dir='ltr'>thority(HcctorNaevtbnus)</span> <span class='ocrx_word' id='word_1_278' title='bbox 625 3564 735 3613; x_wconf 85' lang='lat' dir='ltr'>without</span> <span class='ocrx_word' id='word_1_279' title='bbox 787 3564 1062 3628; x_wconf 86' lang='lat' dir='ltr'>23).-multorum:</span> <span class='ocrx_word' id='word_1_280' title='bbox 1080 3579 1123 3625; x_wconf 70' lang='lat' dir='ltr'>ag.</span> <span class='ocrx_word' id='word_1_281' title='bbox 1143 3563 1215 3612; x_wconf 90' lang='lat' dir='ltr'>Sulla</span> <span class='ocrx_word' id='word_1_282' title='bbox 1231 3563 1285 3612; x_wconf 86' lang='lat' dir='ltr'>and</span> 
     </span>
     <span class='ocr_line' id='line_1_33' title="bbox 237 3628 1286 3693; baseline -0.001 -14"><span class='ocrx_word' id='word_1_283' title='bbox 237 3631 387 3680; x_wconf 87' lang='lat' dir='ltr'>hesitation.</span> <span class='ocrx_word' id='word_1_284' title='bbox 432 3631 462 3678; x_wconf 93' lang='lat' dir='ltr'>In</span> <span class='ocrx_word' id='word_1_285' title='bbox 486 3646 502 3679; x_wconf 91' lang='lat' dir='ltr'>a</span> <span class='ocrx_word' id='word_1_286' title='bbox 520 3631 597 3679; x_wconf 89' lang='lat' dir='ltr'>letter</span> <span class='ocrx_word' id='word_1_287' title='bbox 617 3638 644 3679; x_wconf 89' lang='lat' dir='ltr'>to</span> <span class='ocrx_word' id='word_1_288' title='bbox 666 3631 734 3680; x_wconf 87' lang='lat' dir='ltr'>Cato</span> <span class='ocrx_word' id='word_1_289' title='bbox 788 3631 823 3678; x_wconf 91' lang='lat' dir='ltr'>M.</span> <span class='ocrx_word' id='word_1_290' title='bbox 842 3631 1191 3693; x_wconf 80' lang='lat' dir='ltr'>Scaurus—praecones:</span> <span class='ocrx_word' id='word_1_291' title='bbox 1217 3628 1286 3678; x_wconf 83' lang='lat' dir='ltr'>after</span> 
     </span>
     <span class='ocr_line' id='line_1_34' title="bbox 239 3695 1285 3762; baseline -0.002 -16"><span class='ocrx_word' id='word_1_292' title='bbox 239 3699 298 3762; x_wconf 90' lang='lat' dir='ltr'>(Ep.</span> <span class='ocrx_word' id='word_1_293' title='bbox 306 3697 488 3759; x_wconf 84' lang='lat' dir='ltr'>XXXVIII.),</span> <span class='ocrx_word' id='word_1_294' title='bbox 497 3697 603 3760; x_wconf 86' lang='lat' dir='ltr'>making</span> <span class='ocrx_word' id='word_1_295' title='bbox 611 3697 734 3746; x_wconf 78' lang='lat' dir='ltr'>thesaure</span> <span class='ocrx_word' id='word_1_296' title='bbox 786 3697 831 3746; x_wconf 89' lang='lat' dir='ltr'>the</span> <span class='ocrx_word' id='word_1_297' title='bbox 841 3697 917 3745; x_wconf 89' lang='lat' dir='ltr'>other</span> <span class='ocrx_word' id='word_1_298' title='bbox 929 3704 1045 3746; x_wconf 89' lang='lat' dir='ltr'>contests</span> <span class='ocrx_word' id='word_1_299' title='bbox 1055 3696 1099 3744; x_wconf 86' lang='lat' dir='ltr'>the</span> <span class='ocrx_word' id='word_1_300' title='bbox 1111 3695 1215 3745; x_wconf 88' lang='lat' dir='ltr'>heralds</span> <span class='ocrx_word' id='word_1_301' title='bbox 1224 3711 1285 3744; x_wconf 90' lang='lat' dir='ltr'>con·</span> 
     </span>
     <span class='ocr_line' id='line_1_35' title="bbox 237 3761 1285 3828; baseline 0 -16"><span class='ocrx_word' id='word_1_302' title='bbox 237 3764 383 3828; x_wconf 85' lang='lat' dir='ltr'>quotation,</span> <span class='ocrx_word' id='word_1_303' title='bbox 396 3764 430 3814; x_wconf 90' lang='lat' dir='ltr'>he</span> <span class='ocrx_word' id='word_1_304' title='bbox 442 3763 517 3822; x_wconf 89' lang='lat' dir='ltr'>adds,</span> <span class='ocrx_word' id='word_1_305' title='bbox 530 3765 616 3827; x_wconf 84' lang='lat' dir='ltr'>inquit</span> <span class='ocrx_word' id='word_1_306' title='bbox 631 3766 733 3823; x_wconf 81' lang='lat' dir='ltr'>Hector,</span> <span class='ocrx_word' id='word_1_307' title='bbox 786 3762 882 3812; x_wconf 89' lang='lat' dir='ltr'>tended</span> <span class='ocrx_word' id='word_1_308' title='bbox 895 3763 955 3812; x_wconf 85' lang='lat' dir='ltr'>with</span> <span class='ocrx_word' id='word_1_309' title='bbox 972 3778 1023 3811; x_wconf 90' lang='lat' dir='ltr'>one</span> <span class='ocrx_word' id='word_1_310' title='bbox 1040 3762 1158 3820; x_wconf 86' lang='lat' dir='ltr'>another,</span> <span class='ocrx_word' id='word_1_311' title='bbox 1175 3761 1227 3811; x_wconf 90' lang='lat' dir='ltr'>and</span> <span class='ocrx_word' id='word_1_312' title='bbox 1239 3763 1285 3812; x_wconf 89' lang='lat' dir='ltr'>the</span> 
     </span>
     <span class='ocr_line' id='line_1_36' title="bbox 237 3828 1148 3893; baseline -0.001 -15"><span class='ocrx_word' id='word_1_313' title='bbox 237 3841 345 3879; x_wconf 66' lang='lat' dir='ltr'>orthon</span> <span class='ocrx_word' id='word_1_314' title='bbox 362 3831 435 3893; x_wconf 83' lang='lat' dir='ltr'>apud</span> <span class='ocrx_word' id='word_1_315' title='bbox 443 3831 582 3879; x_wconf 68' lang='lat' dir='ltr'>Mevium.</span> <span class='ocrx_word' id='word_1_316' title='bbox 787 3830 870 3879; x_wconf 91' lang='lat' dir='ltr'>victor</span> <span class='ocrx_word' id='word_1_317' title='bbox 882 3828 1000 3878; x_wconf 88' lang='lat' dir='ltr'>received</span> <span class='ocrx_word' id='word_1_318' title='bbox 1016 3845 1031 3878; x_wconf 91' lang='lat' dir='ltr'>a</span> <span class='ocrx_word' id='word_1_319' title='bbox 1043 3828 1148 3878; x_wconf 88' lang='lat' dir='ltr'>wreath.</span> 
     </span>
    </p>
   </div>
   <div class='ocr_carea' id='block_1_4' title="bbox 0 0 1412 4330">
    <p class='ocr_par' dir='ltr' id='par_1_4' title="bbox 0 0 1412 4330">
     <span class='ocr_line' id='line_1_37' title="bbox 0 0 1412 4330; baseline 0 1"><span class='ocrx_word' id='word_1_320' title='bbox 0 0 1412 4330; x_wconf 95' lang='lat' dir='ltr'> </span> 
     </span>
    </p>
   </div>
  </div>
 </body>
</html>
