2834 4326
140 281 199 330 Au.
211 294 235 342 4.
250 279 283 346 1.]
489 278 656 329 CICERO’S
681 278 854 328 LETTERS.
1158 281 1190 334 61

141 448 225 512 tatis
250 445 422 530 praeteriti
445 445 606 528 temporis
630 466 748 510 omnes
774 467 925 530 exegero,
952 449 1104 530 profecto
1129 451 1191 516 hac

142 556 359 620 restitutione
383 556 539 619 fortunae
563 574 617 618 me
642 554 714 637 ipse
738 576 806 618 non
836 556 918 620 satis
942 557 1081 640 dignum
1111 558 1192 624 iudi-

142 665 238 728 cabo.
289 664 360 727 Nos
385 663 493 727 adhuc
517 663 552 725 in
577 672 693 726 nostro
718 672 810 727 statu
826 666 915 748 quod
932 664 1127 731 difficillime
1143 689 1224 742 re·3

142 772 285 854 ciperari
316 791 416 857 posse
447 771 599 835 arbitrati
631 791 756 847 sumuS,
792 773 1005 854 splendorem
1037 785 1190 841 nostrum

144 881 239 945 illum
256 880 426 944 forensem
444 889 479 942 et
496 879 530 942 in
547 889 666 942 senatu
691 880 926 945 auctoritatem
947 893 980 947 et
997 885 1086 966 apud
1102 885 1191 949 viros

143 991 252 1054 bonos
274 988 416 1072 gratiam
441 987 548 1070 magis
566 1009 663 1071 quam
684 998 849 1071 optamus,
868 993 1042 1058 consecuti
1059 1014 1190 1071 sumus;

144 1099 180 1162 in
198 1118 234 1161 re
249 1107 362 1161 autem
379 1096 544 1173 familiari,
562 1117 648 1181 quae
665 1099 944 1180 quemadmodum
960 1101 1077 1178 fracta,
1096 1103 1191 1167 dissi-

144 1216 234 1290 pata,
253 1206 383 1288 direpta
400 1204 443 1269 sit
460 1225 528 1269 non
545 1205 689 1288 ignoras,
708 1206 805 1271 valde
829 1208 1027 1286 laboramus
1046 1220 1191 1275 tuarum-

143 1335 211 1400 que
227 1322 377 1378 nontam
394 1313 604 1390 facultatum,
622 1335 705 1398 quas
725 1335 789 1400 ego
812 1326 945 1382 nostras
970 1338 1045 1383 esse
1070 1319 1189 1395 iudico,

144 1443 245 1508 quam
262 1421 477 1487 consiliorum
493 1423 535 1486 ad
551 1422 758 1505 colligendas
783 1435 817 1488 et
841 1427 1095 1492 constituendas
1119 1428 1191 1492 reli-

146 1533 243 1618 quias
260 1541 393 1597 nostras
410 1532 609 1616 indigemus.
652 1535 761 1612 Nunc,
781 1535 846 1599 etsi
862 1535 974 1600 omnia
991 1545 1048 1618 aut
1066 1536 1192 1619 scripta
1209 1567 1224 1613 4

145 1662 223 1707 esse
238 1640 337 1706 atuis
350 1641 493 1705 arbitror
509 1651 567 1706 aut
584 1643 685 1707 etiam
702 1643 831 1708 nuntiis
848 1664 887 1709 ac
903 1665 1036 1708 rumore
1053 1644 1189 1727 perlata,

146 1761 261 1815 tamen
279 1769 318 1813 ea
335 1750 406 1832 ipse
423 1751 566 1815 scribam
582 1752 684 1828 brevi,
704 1772 789 1836 quae
812 1762 848 1816 te
873 1762 954 1835 puto
978 1753 1190 1835 potissimum
1196 1788 1243 1854 s

148 1880 190 1924 ex
211 1859 295 1923 meis
320 1857 442 1923 litteris
457 1859 545 1924 velle
569 1881 782 1943 cognoscere.
832 1861 884 1926 Pr.
903 1861 1020 1925 Nonas
1046 1861 1191 1926 Sextiles

148 1968 336 2056 Dyrrachio
353 1990 426 2034 sum
444 1969 626 2052 profectus
644 1970 716 2052 ipso
733 1969 790 2033 illo
806 1969 869 2044 die,
888 1989 954 2052 quo
978 1969 1031 2034 lex
1048 1980 1099 2034 est
1124 1971 1192 2034 lata

146 2081 189 2145 de
220 2079 327 2143 nobis.
387 2078 602 2143 Brundisium
627 2078 705 2142 veni
738 2078 846 2142 Nonis
879 2077 1073 2143 Sextilibus.
1139 2078 1191 2143 Ibi

146 2188 229 2252 mihi
245 2186 389 2251 Tulliola
405 2207 480 2252 mea
495 2187 560 2252 fuit
585 2196 719 2269 praesto
744 2186 846 2250 natali
871 2207 931 2250 suo
956 2187 1029 2269 ipso
1053 2188 1117 2264 die,
1134 2190 1190 2271 qui

149 2326 229 2371 casu
246 2303 334 2367 idern
351 2296 472 2363 natalis
489 2305 560 2360 erat
577 2305 611 2359 et
634 2293 855 2360 Brundisinae
880 2294 1030 2359 coloniae
1054 2304 1088 2358 et
1112 2304 1191 2360 tuae

147 2415 276 2480 vicinae
301 2409 443 2486 Salutis;
477 2425 562 2490 quae
590 2424 643 2468 res
671 2403 902 2467 animadversa
929 2423 949 2466 a
976 2403 1191 2468 multitudine

148 2542 279 2589 summa
296 2517 573 2583 Brundisinorum
587 2512 811 2597 gratulatione
825 2510 993 2576 celebrata
1005 2521 1066 2578 est.
1096 2512 1192 2576 Ante

148 2632 236 2697 diem
261 2649 295 2693 vr
319 2629 399 2692 Idus
424 2624 570 2692 Sextiles
594 2620 735 2705 cognovi
758 2619 881 2684 litteris
908 2620 1027 2704 Quinti
1052 2621 1191 2685 mirifico

147 2740 259 2806 'studio
275 2735 423 2804 omnium
441 2742 590 2798 aetatum
613 2740 713 2813 atque
730 2727 893 2805 ordinum,
912 2728 1099 2792 incredibili
1116 2748 1191 2794 con-

146 2882 254 2934 tinction
271 2865 387 2930 between
406 2877 451 2928 the
461 2878 510 2926 fut.
523 2875 575 2925 and
592 2875 641 2924 fut.
695 2871 790 2921 honest
802 2870 912 2921 steward
925 2869 1080 2919 Philotimus
1092 2870 1149 2919 that
1158 2869 1191 2919 he

146 2949 209 3016 perf.
227 2964 280 2998 was
296 2944 451 2997 introduced
471 2945 527 2992 into
547 2942 642 2991 formal
695 2938 779 2988 found
791 2936 896 2986 himself
913 2938 1001 3002 nearly
1012 2936 1144 3000 bankrupt
1156 2952 1190 2986 on

147 3016 231 3072 Latin,
238 3015 286 3064 but
293 3029 346 3063 was
355 3021 401 3062 not
410 3013 504 3077 always
513 3008 642 3058 observed
695 3005 737 3055 his
753 3014 849 3055 return.
886 3004 929 3052 He
946 3019 999 3052 was
1017 3019 1081 3052 even
1101 3003 1192 3053 forced

146 3085 172 3132 in
183 3081 322 3146 colloquial
336 3079 424 3136 Latin;
441 3077 474 3127 cf.
489 3076 543 3126 Cic.
555 3077 608 3124 Ata.
619 3090 641 3139 3.
695 3081 723 3122 to
742 3081 788 3136 put
809 3087 844 3135 up
864 3070 904 3120 his
922 3071 1054 3120 Tusculan
1073 3070 1133 3119 villa
1150 3070 1192 3119 for

148 3164 184 3214 19.
208 3163 218 3197 1
245 3162 371 3211 nusquam
383 3145 493 3210 facilius
510 3143 577 3192 hanc
596 3144 643 3192 ml·
695 3139 805 3198 sale;,cf.
815 3141 869 3187 Au.
880 3151 902 3197 4.
914 3151 936 3186 2.
949 3137 1190 3199 7.-frscts,etc.:

146 3217 280 3267 semmam
292 3215 371 3262 vr'tam
385 3213 427 3261 vel
441 3210 583 3259 sustentabo
593 3210 641 3266 vel,
694 3206 737 3255 for
748 3206 793 3255 the
802 3204 948 3268 metaphor,
957 3203 990 3253 cf.
1003 3206 1119 3252 carruaxi
1128 3206 1191 3261 vela,

146 3283 213 3348 quad
222 3282 302 3331 mullo
312 3286 350 3329 est
358 3280 456 3335 melius,
467 3277 583 3326 abr'ecera.
695 3272 742 3336 Ep.
756 3273 788 3320 V.
802 3286 816 3320 a
828 3288 853 3321 n.

177 3363 200 3414 3.
219 3349 376 3398 forensem:
397 3347 435 3395 ia.
453 3359 483 3410 as
505 3358 521 3392 a
540 3343 641 3408 lawyer.
728 3353 750 3399 4.
770 3337 905 3389 Tulliola:
923 3337 956 3387 cf.
970 3337 1123 3400 pulchellus,
1143 3337 1191 3402 Ep.

146 3423 331 3480 -optamusr
348 3412 382 3462 he
393 3411 463 3462 fears
474 3409 516 3460 his
526 3409 642 3473 position
694 3406 726 3484 V.
753 3419 783 3455 ιο
801 3404 1020 3482 n.-coloniae:
1048 3403 1082 3453 its
1109 3403 1193 3452 estab

146 3481 304 3598 thail?
321 3478 642 3605 tanturm
694 3471 817 3603 2¹:¹32?
834 3469 1191 3595 teutbaldus}

147 3616 189 3665 the
209 3613 324 3664 Palatine
340 3610 393 3661 had
409 3610 476 3660 been
494 3607 641 3674 destroyed,
696 3606 748 3654 111.
761 3617 859 3670 475—
869 3604 994 3655 Salutis:
1011 3604 1054 3653 for
1069 3604 1114 3653 the
1125 3619 1192 3654 erec·

146 3683 185 3731 his
199 3681 272 3731 villas
288 3676 440 3744 plundered,
454 3675 506 3726 and
526 3675 570 3724 the
589 3681 642 3724 rest
696 3673 751 3721 tion
763 3671 816 3721 and
828 3671 979 3720 decoration
992 3670 1021 3719 of
1038 3670 1083 3720 the
1096 3671 1192 3734 temple

147 3748 174 3798 of
190 3748 231 3797 his
243 3753 366 3812 property
377 3743 430 3793 had
442 3742 507 3792 been
520 3757 551 3791 so
563 3739 643 3805 badly
695 3739 725 3788 of
748 3738 833 3793 Salus,
851 3753 895 3786 see
919 3737 991 3801 Livy,
1012 3750 1049 3786 ιο.
1071 3751 1091 3794 1,
1111 3738 1192 3803 Pliny,

147 3813 273 3879 managed
284 3813 319 3879 by
328 3809 451 3872 Terentia
466 3807 518 3858 and
535 3807 581 3857 her
593 3807 643 3856 dis
696 3807 731 3854 Ν.
745 3807 780 3852 Η.
794 3819 808 3869 3
813 3818 832 3869 5.
848 3818 885 3868 19,
898 3803 951 3852 and
963 3804 1021 3853 Val.
1035 3805 1105 3854 Max.
1114 3803 1138 3854 8.
1154 3817 1191 3866 14.
