2780 4332
208 286 258 336 260
551 287 718 337 orciuos
744 287 919 338 narrans.
1126 288 1192 354 [ap.
1206 291 1268 342 xc.

209 453 404 536 capedinem
422 455 591 518 scribendi
607 454 739 530 fecisse,
758 456 818 518 sed
838 454 950 536 potius
974 455 1150 534 laetabar;
1176 457 1268 524 fruc-

209 571 280 627 tum
313 563 401 626 enim
441 583 599 645 magnum
640 563 856 626 humanitatis
896 572 975 626 tuae
1015 564 1189 647 capiebam
1223 587 1268 631 ex

209 671 340 734 silentio
357 691 504 735 mearum
522 670 716 735 litterarum.
762 670 993 735 Vehementer
1009 672 1113 754 igitur
1128 675 1266 756 gaudeo

209 788 243 843 te
282 799 390 842 meam
427 779 500 843 sine
538 778 745 842 dubitatione
784 778 955 862 accepisse
995 781 1263 849 excusationem.

176 888 332 952 2Gratos
361 887 421 951 tibi
452 896 651 970 optatosque
668 906 743 951 esse
766 887 825 970 qui
848 887 890 950 de
915 907 969 950 me
993 909 1152 973 rumores
1172 890 1266 955 adfe-

210 1005 328 1060 runtur
351 1016 418 1059 non
448 995 573 1071 dubito,
600 995 645 1058 mi
673 994 864 1060 dulcissime
881 995 984 1072 Tiro,
1009 998 1265 1082 praestaboque

209 1114 243 1168 et
261 1105 367 1168 enitar
383 1114 420 1168 ut
437 1104 471 1167 in
488 1104 559 1168 dies
575 1103 680 1186 magis
697 1103 868 1186 magisque
885 1103 968 1168 haec
984 1125 1129 1170 nascens
1145 1107 1192 1170 de
1206 1128 1265 1171 me

209 1212 396 1297 duplicetur
419 1212 539 1296 opinio.
599 1212 722 1298 Quare,
749 1212 838 1296 quod
866 1211 1032 1296 polliceris
1060 1223 1096 1277 te
1125 1214 1264 1280 bucina·

208 1331 315 1385 torem
339 1322 413 1385 fore
436 1321 689 1385 existimationis
713 1340 818 1396 meae,
841 1321 939 1384 firmo
963 1321 996 1385 id
1020 1323 1264 1407 constantique

208 1431 318 1494 animo
342 1429 443 1494 iacias
468 1429 562 1508 licet;
586 1439 718 1494 tantum
741 1429 829 1493 enim
853 1429 935 1492 mihi
959 1429 1108 1494 dolorem
1133 1432 1262 1497 crucia-

208 1549 348 1622 tumque
379 1538 567 1602 attulerunt
595 1547 705 1602 errata
728 1537 848 1602 aetatis
873 1558 967 1602 meae
991 1548 1122 1602 utnon
1146 1539 1261 1605 solum

208 1648 338 1711 animus
361 1667 381 1710 a
404 1646 513 1722 factis,
532 1647 591 1711 sed
616 1666 714 1711 aures
738 1666 872 1729 quoque
896 1667 916 1710 a
940 1648 1262 1713 commemoratione

208 1756 419 1820 abhorreant.
469 1754 572 1820 Cuius
596 1764 631 1818 te
655 1752 889 1819 sollicitudinis
917 1764 951 1818 et
977 1754 1099 1820 doloris
1126 1757 1259 1840 partici-

208 1885 284 1947 pem
316 1863 420 1928 iuisse
452 1873 569 1927 notum
602 1863 876 1946 exploratumque
907 1873 959 1927 est
1001 1863 1093 1940 mihi,
1128 1884 1192 1929 nec
1225 1866 1261 1929 id

209 1973 348 2050 mirum;
378 1993 456 2036 nam
480 1993 556 2036 eum
581 1972 691 2035 omnia
713 1991 788 2036 mea
811 1991 913 2036 causa
935 1971 1038 2036 velles
1070 1972 1151 2036 mihi
1182 1993 1260 2040 suc-

209 2101 312 2157 cessa,
330 2091 402 2144 tum
419 2081 518 2145 etiam
535 2090 615 2158 tua;
640 2080 766 2145 socium
784 2081 871 2144 enim
888 2090 924 2144 te
939 2100 1089 2144 meorum
1112 2101 1260 2146 commo

211 2257 260 2306 See
272 2256 329 2306 also
338 2256 401 2305 Intr.
412 2256 704 2321 96.-vehementer:
756 2254 824 2304 cited
837 2254 882 2304 the
894 2253 1043 2319 dependent
1056 2254 1117 2304 verb
1128 2255 1258 2319 precedes

209 2323 242 2372 cf.
256 2323 320 2371 Intr.
332 2337 373 2386 90.
756 2339 807 2371 non
819 2323 911 2379 dubito,
921 2321 972 2370 and
985 2322 1030 2370 the
1041 2322 1127 2371 writer
1137 2323 1164 2371 in
1178 2325 1258 2387 using

244 2404 266 2438 2.
301 2397 400 2456 gratos
442 2396 631 2454 optatosque:
671 2388 703 2438 cl.
756 2389 800 2437 the
818 2403 870 2437 acc.
883 2387 935 2436 and
952 2388 1024 2436 infin.
1038 2389 1086 2438 has
1102 2389 1129 2437 in
1148 2389 1222 2438 mind
1240 2407 1258 2440 a

200 2457 284 2520 firmo
316 2459 494 2520 constantique,
528 2471 560 2515 2;
594 2456 703 2505 dolorem
755 2455 818 2504 verb
836 2454 866 2503 of
883 2454 1005 2518 thinking
1022 2456 1049 2504 in
1069 2457 1182 2519 general,
1201 2457 1257 2506 and

209 2525 407 2586 cruciatumque,
432 2537 460 2581 2;
483 2523 663 2571 sollicitudinis
682 2529 707 2570 et
755 2530 801 2570 not
814 2522 859 2571 the
871 2522 966 2585 special
984 2522 1079 2585 phrase
1096 2537 1148 2570 non
1159 2523 1256 2573 dubito.

209 2593 310 2647 doloris,
340 2604 369 2646 2;
390 2590 471 2654 frugi
498 2605 639 2652 severaque,
671 2603 704 2649 4;
757 2589 843 2638 When
868 2605 920 2637 non
939 2589 1024 2637 dubito
1039 2587 1169 2652 precedes,
1188 2593 1256 2653 quin

201 2658 384 2723 familiaribus
411 2663 436 2704 et
458 2657 647 2712 convictoribus,
671 2668 704 2720 53
756 2656 816 2704 with
836 2655 961 2720 the'subj.
974 2656 996 2704 is
1008 2656 1103 2721 always
1120 2655 1201 2714 used;
1219 2657 1255 2706 cf.

209 2723 261 2772 and
279 2730 384 2787 gratum
408 2731 589 2787 acceptumque,
610 2735 623 2783 7
637 2741 643 2782 ς
661 2737 705 2783 see
757 2736 770 2784 7
783 2723 813 2771 of
824 2723 875 2772 this
887 2723 971 2772 letter.
990 2722 1040 2772 See
1052 2723 1108 2771 also
1123 2723 1255 2780 SchmnIz,

209 2791 266 2840 also
289 2806 333 2838 oro
354 2791 456 2847 obsec'ra,
478 2790 525 2853 Ep.
551 2791 579 2837 L.
606 2803 614 2836 1
641 2805 706 2837 n.-
761 2791 868 2839 Ueberd.
877 2790 1100 2853 Spraclsgebraucb
1109 2791 1134 2837 d.
1142 2791 1256 2839 Asinius

210 2871 358 2908 rumores:
376 2872 448 2905 more
459 2856 592 2905 favorable
605 2865 705 2918 reports
757 2859 847 2914 Pollio,
876 2872 900 2920 p.
929 2855 1060 2905 88.-mi
1083 2856 1256 2906 dulcissime

209 2923 360 2974 mentioned
389 2924 414 2972 in
449 2923 534 2972 Tiro’s
562 2923 646 2980 letter,
677 2931 704 2971 to
757 2923 845 2973 Tiro:
863 2923 895 2972 cf.
908 2925 947 2972 mi
963 2924 1094 2985 Pomponi,
1113 2923 1161 2986 Ep.
1181 2925 1215 2972 X.
1229 2939 1255 2972 n.

209 2991 293 3040 which
306 2990 358 3040 this
370 2991 462 3055 epistle
477 2991 499 3039 is
512 3005 544 3038 an
557 3005 706 3039 ansver-
756 2990 807 3038 and
827 2991 888 3038 Intr.
906 2989 938 3038 88
947 3005 970 3037 a.
980 2990 1051 3039 —in
1068 2989 1132 3039 dies
1156 2991 1255 3055 magis

210 3066 309 3123 gratim
323 3095 329 3108 .
342 3093 366 3107 ..
380 3071 445 3107 esse
459 3093 465 3106 .
480 3071 572 3107 ..non
585 3058 685 3106 dubito
699 3074 705 3104 ι
757 3057 927 3121 magisque:
944 3056 987 3104 ior
998 3056 1043 3105 the
1052 3057 1125 3105 strict
1134 3057 1254 3106 classical

209 3125 241 3174 cf.
256 3125 347 3182 Pollio,
360 3126 432 3173 Fam.
449 3138 485 3173 ro.
499 3138 537 3188 3¹·
555 3138 568 3190 5
582 3125 652 3172 illud
666 3140 706 3172 me
756 3125 906 3187 expression
923 3124 951 3170 in
968 3124 1022 3171 dies
1039 3125 1121 3188 magis
1135 3123 1178 3186 (cf.
1198 3123 1254 3172 Cic.

212 3193 341 3241 Cordubae
347 3198 398 3254 pro
406 3193 517 3239 contione
526 3192 621 3239 dixisse
632 3207 706 3240 nemo
751 3197 802 3252 pro
811 3191 870 3239 Mil.
882 3205 895 3238 2
900 3188 932 3256 5).
940 3217 972 3226 -
982 3183 1182 3240 bucinatorem
1194 3208 1200 3238 :
1212 3205 1256 3254 ap

208 3259 305 3308 vocabit
334 3261 363 3306 in
392 3259 496 3307 dubium
505 3273 517 3316 ,·
549 3257 705 3316 Trebonius,
755 3257 873 3323 parently
892 3264 940 3306 not
960 3255 1025 3306 used
1048 3257 1074 3304 in
1098 3257 1142 3305 the
1161 3256 1256 3320 figura·

209 3327 283 3375 Fam.
298 3338 336 3373 12.
351 3323 387 3374 16.
402 3327 471 3373 zcui
481 3341 526 3372 uas
536 3332 561 3373 et
568 3327 672 3373 caritate
683 3331 708 3372 et
757 3325 809 3372 tive
818 3339 894 3372 sense
904 3324 1051 3372 elsewhere.
1059 3337 1254 3373 -successat

141 3405 142 3408 ’
209 3409 297 3442 amare
313 3399 386 3440 naum
406 3393 514 3456 efficium
529 3398 705 3454 praestaturos
757 3389 943 3440 Mendelssohn
961 3391 1034 3450 cites,
1051 3405 1081 3439 as
1097 3391 1205 3454 parallel
1223 3399 1255 3440 to

210 3475 261 3509 non
278 3459 346 3507 debes
362 3459 485 3507 dubitare.
522 3457 564 3507 Cf.
576 3459 633 3507 also
645 3458 704 3506 Ter.
756 3457 809 3506 this
827 3457 939 3506 unusual
954 3457 1096 3521 participle,
1108 3457 1255 3506 custodibus

208 3526 270 3575 Hec.
283 3524 344 3591 3263
363 3526 437 3574 Varr.
452 3525 633 3588 Ls'ng.Lat.7.
649 3537 704 3586 107.
756 3525 869 3573 discessis
891 3524 960 3572 from
982 3523 1089 3573 Coelius
1112 3522 1256 3587 Antipater

209 3592 267 3641 The
282 3592 353 3641 infin.
366 3591 433 3641 atter
450 3608 502 3641 non
519 3592 604 3640 dubito
620 3591 642 3640 is
658 3596 705 3639 not
757 3590 808 3639 and
820 3593 870 3641 sole
886 3607 968 3639 occaso
982 3590 1051 3639 from
1067 3590 1100 3652 Q.
1117 3589 1254 3639 Claudius

208 3657 292 3707 found
309 3659 335 3707 in
359 3659 451 3707 Cicero
473 3657 523 3722 (cf,
544 3658 670 3714 however,
689 3671 706 3704 a
758 3656 883 3706 Schwabe
900 3657 1063 3722 conjectures
1080 3673 1188 3706 successe
1201 3656 1256 3721 (ior

209 3725 323 3790 scarcely
345 3723 452 3786 parallel
475 3738 586 3787 passage
605 3723 632 3772 in
650 3722 705 3772 Cic
756 3723 909 3787 successisse)
920 3723 981 3772 with
991 3721 1168 3773 considerable
1177 3722 1256 3788 prob

208 3789 239 3836 de
258 3789 317 3836 Fies
336 3803 358 3854 3.
378 3789 429 3853 38).
466 3789 498 3838 In
515 3789 550 3838 all
567 3789 612 3838 the
632 3801 706 3840 cases
756 3789 853 3856 ability.
880 3789 1034 3847 Cidecesse,
1048 3790 1094 3853 Ep.
1109 3790 1255 3839 XIX.un.
