2814 4330
240 233 287 284 162
576 233 744 283 CICERO’S
768 233 942 282 LETTERS.
1125 231 1189 297 [Ep.
1203 233 1295 283 XLV.

240 400 278 464 L.
298 399 448 476 Flaccus,
467 400 554 483 quod
573 400 614 484 Q.
636 400 779 476 Mucius,
798 420 930 483 quoquo
946 400 1045 463 modo
1063 420 1103 463 ca
1127 419 1183 463 res
1208 400 1294 464 huic

237 507 370 590 quidem
387 508 522 585 cecidit;
547 509 604 591 qui
621 517 733 572 tamen
752 508 798 572 ita
814 508 925 575 dicere
947 507 1087 583 solebat,
1106 527 1144 571 se
1161 507 1197 571 id
1213 508 1293 572 fore

237 615 350 678 videre
373 617 461 698 quod
485 616 612 680 factum
637 625 699 693 est,
723 617 783 680 sed
807 616 905 679 malle
929 636 1027 699 quam
1051 625 1218 679 armatum
1243 618 1290 680 ad

237 724 363 806 patriae
387 725 520 788 moenia
542 726 711 790 accedere.
760 723 874 788 Aliter
897 724 1138 809 Thrasybulus,
1160 734 1196 787 et
1219 715 1307 788 for-¹

237 841 328 895 tasse
351 830 484 910 melius;
518 833 577 896 se'd
606 842 658 896 est
688 842 780 897 certa
807 833 969 916 quaedam
995 831 1052 896 illa
1077 832 1172 896 Muci
1199 833 1287 896 ratio

237 949 336 1023 atque
353 940 530 1016 sententia,
550 951 601 1005 est
620 941 675 1005 illa
692 942 803 1017 etiam,
822 950 865 1016 et,
885 962 961 1004 cum
978 941 1021 1004 sit
1046 961 1198 1016 necesse,
1218 962 1286 1004 ser-

237 1048 306 1111 vire
326 1048 467 1130 tempori
492 1057 526 1111 et
551 1069 618 1112 non
642 1049 798 1112 amittere
822 1057 964 1131 tempus,
986 1069 1061 1113 curn
1086 1049 1130 1112 sit
1154 1049 1283 1115 datum.

238 1155 304 1220 Sed
321 1156 356 1219 in
372 1156 436 1220 hoc
453 1155 526 1238 ipso
543 1157 668 1220 habent
686 1166 798 1220 tamen
821 1157 922 1220 iidem
945 1157 1056 1221 fasces
1080 1156 1284 1222 molestiam.

238 1263 291 1328 Sit
320 1264 409 1327 enirn
437 1265 535 1328 nobis
563 1265 700 1341 amicus,
725 1266 814 1348 quod
846 1266 1012 1329 incertum
1045 1275 1105 1341 est,
1133 1267 1194 1330 sed
1227 1267 1283 1343 sit,

237 1372 366 1436 deferet
391 1373 612 1455 triumphurn:
641 1393 709 1437 non
733 1373 885 1456 accipere
909 1394 952 1436 ne
977 1373 1201 1457 periculosum
1226 1375 1284 1451 sit,

236 1481 386 1563 accipere
406 1480 607 1545 invidiosum
628 1483 670 1544 ad
687 1482 803 1545 bonos.
855 1482 904 1546 ‘O
930 1481 1021 1558 rem,’
1041 1482 1159 1564 inquis,
1181 1483 1285 1546 ‘diffi-

175 1651 182 1663 ,
237 1589 333 1653 cilem
358 1598 392 1652 et
418 1588 684 1671 inexplicabilem
702 1588 728 1654 l'
779 1590 887 1674 Atqui
911 1589 1105 1673 explicanda
1130 1600 1200 1668 cst;
1226 1591 1285 1674 qui

236 1706 349 1760 autem
365 1696 437 1760 fieri
454 1698 591 1779 potest?
639 1697 693 1761 Ac
710 1718 753 1761 ne
778 1719 832 1762 me
857 1698 1058 1762 existimaris
1081 1698 1122 1761 ad
1146 1719 1284 1762 manen-

236 1806 315 1868 dum
339 1825 414 1868 esse
446 1805 706 1887 propensiorem,
732 1807 821 1890 quod
852 1807 947 1890 plura
979 1807 1013 1869 in
1045 1827 1118 1870 eam
1151 1817 1282 1888 partem

235 1914 338 1977 verba
354 1913 503 1989 fecerim,
522 1923 634 1996 potest
651 1915 733 1991 fieri,
752 1916 840 1997 quod
865 1916 902 1986 fit
928 1915 962 1978 in
987 1914 1101 1979 multis
1116 1916 1284 1997 quaestio

236 2022 344 2098 nibus,
363 2031 400 2085 ut
425 2042 478 2085 res
495 2022 667 2086 verbosior
690 2023 772 2088 haec
796 2023 907 2100 fuerit,
927 2023 983 2088 illa
998 2023 1114 2087 verior.
1158 2022 1284 2106 Quam-

236 2131 351 2194 obrem
376 2139 412 2193 ut
437 2130 580 2194 maxima
604 2131 645 2194 de
670 2152 705 2195 re
731 2152 836 2215 aequo
861 2132 972 2195 animo
1000 2131 1210 2207 deliberanti,
1236 2132 1284 2195 ita

236 2238 317 2301 mihi
332 2240 391 2302 des
409 2238 585 2302 consilium
599 2239 707 2303 velim.
744 2240 848 2303 Navis
866 2249 899 2303 et
916 2239 951 2302 in
969 2239 1085 2303 Caieta
1098 2248 1149 2303 est
1166 2249 1284 2321 parata

203 2370 217 2419 7
236 2347 333 2410 nobis
351 2356 385 2410 et
404 2347 568 2411 Brundisi.
620 2347 687 2412 Sed
705 2367 784 2412 ecce
800 2347 910 2411 nuntii
927 2349 1095 2412 scribente
1119 2368 1173 2411 me
1198 2348 1283 2413 haec

237 2455 309 2538 ipsa
325 2464 427 2518 noctu
448 2455 482 2517 in
500 2454 635 2531 Caleno,
655 2476 733 2520 ecce
757 2455 899 2531 litterae,
919 2455 1097 2519 Caesarem
1119 2456 1161 2519 ad
1179 2455 1284 2519 Corfi-

237 2564 339 2639 nium,
358 2563 543 2626 Domitium
562 2564 687 2628 Corfini
705 2585 779 2628 curn
796 2564 891 2627 firmo
908 2564 1056 2628 exercitu
1074 2573 1107 2626 et
1132 2585 1284 2646 pugnare

170 2673 174 2678 ’
237 2672 401 2755 cupiente.
453 2672 532 2735 Non
549 2682 631 2754 puto
650 2673 751 2736 etiam
768 2673 832 2736 hoc
850 2673 1002 2736 Gnaeum
1023 2681 1174 2735 nostrum
1195 2693 1284 2736 corn-

237 2781 415 2844 missurum
433 2789 470 2843 ut
489 2780 675 2843 Domitium
693 2780 866 2863 relinquat,
886 2780 950 2843 etsi
975 2779 1189 2844 Brundisium
1213 2780 1283 2845 Sci-

237 2932 471 2996 later-quoquo
489 2933 584 2991 modo,
597 2940 654 2989 etc,
669 2933 735 2981 how-
786 2949 849 2981 zens.
897 2931 1052 2995 Something
1074 2932 1127 2981 like
1150 2933 1283 2982 verearis

236 3015 294 3047 ever
309 3000 365 3046 that
375 3000 480 3046 decision
492 3000 589 3048 turned
597 3001 677 3046 outin
688 3011 734 3047 ffls
787 2997 946 3047 understood
969 2998 1058 3047 before
1081 3013 1127 3058 ne,
1147 3013 1176 3048 as
1202 2999 1229 3046 in
1252 3001 1284 3049 de

236 3081 296 3113 cate.
305 3092 338 3100 -
349 3064 445 3113 malle:
457 3082 489 3114 sc.
496 3067 590 3128 perire.
598 3093 632 3102 -
642 3065 735 3114 Thra·
786 3067 845 3113 Fin.
857 3078 877 3130 5.
887 3065 903 3114 8
912 3067 957 3113 sed
967 3081 1005 3124 ne,
1015 3067 1076 3114 dum
1086 3067 1147 3114 huic
1155 3066 1281 3129 obsequor,

238 3131 358 3193 sybulus
369 3133 411 3194 (sc.
422 3130 509 3194 fecit):
528 3130 561 3180 he
572 3131 619 3180 left
633 3131 734 3180 Athens
785 3133 854 3180 vobis
865 3133 983 3180 molestus
994 3133 1051 3180 sim.
1087 3131 1129 3180 Cf.
1142 3132 1198 3180 also
1217 3133 1280 3182 Tac.

237 3197 311 3246 when
319 3198 364 3246 the
374 3197 466 3262 Thirty
474 3198 586 3262 Tyrants
595 3213 668 3246 came
677 3198 733 3247 into
786 3200 855 3247 Hist.
869 3212 890 3262 3.
904 3197 1041 3259 46.—res
1057 3234 1064 3248 .
1083 3233 1090 3247 .
1110 3233 1117 3248 .
1134 3199 1224 3247 haec:
1243 3201 1281 3247 ie.

208 3323 214 3330 ἱ
236 3279 331 3329 power,
341 3263 388 3312 but
401 3263 523 3312 returned
536 3272 563 3312 to
577 3263 648 3313 drive
662 3265 734 3314 them
786 3265 830 3313 the
839 3264 1004 3329 advisability
1013 3265 1042 3312 of
1053 3265 1156 3330 staying
1164 3265 1190 3313 in
1204 3265 1281 3331 Italy.

237 3339 301 3392 out;
324 3331 357 3379 ef.
380 3332 446 3380 Xen.
465 3332 534 3379 Hell.
555 3345 577 3380 2.
596 3345 618 3395 3.
637 3345 686 3392 423
711 3345 733 3380 2.
784 3331 949 3381 -Caietm
969 3332 1062 3380 Cicero
1079 3331 1131 3380 had
1149 3347 1182 3380 an
1197 3340 1282 3383 estate

236 3398 353 3462 4.-sit
378 3398 498 3461 (enim):
527 3415 559 3446 sc.
586 3399 734 3447 Caesar.-
785 3397 854 3447 here.

234 3479 295 3522 non
307 3465 448 3528 accipere,
463 3465 494 3528 (Ι
504 3481 546 3512 am
559 3465 664 3528 afraid)
678 3466 735 3513 that
818 3477 840 3526 7.
859 3478 942 3514 ecce:
961 3465 994 3514 cf.
1016 3466 1065 3528 Ep.
1084 3465 1197 3514 XXXV.
1211 3480 1280 3530 2311.

233 3538 281 3590 not
294 3537 317 3578 to
332 3538 413 3594 accept
425 3532 451 3595 (a
467 3532 595 3595 triumph)
609 3547 668 3594 may
680 3532 706 3580 be
716 3549 733 3581 a
783 3560 816 3568 —
829 3531 1006 3581 Corfinium:
1025 3547 1068 3580 see
1084 3531 1177 3580 introd.
1190 3540 1218 3580 to
1232 3533 1280 3596 Ep.

147 3610 148 3613 ’
225 3599 346 3676 perflatus
358 3600 434 3661 thing
445 3598 484 3661 (as
493 3598 546 3661 sar
559 3614 589 3645 as
605 3599 733 3647 Caesaris
785 3598 964 3647 XLIV.-ut
977 3633 984 3646 .
998 3633 1005 3646 .
1020 3633 1026 3646 .
1040 3599 1192 3662 relinquat:
1206 3600 1281 3648 Pom-

229 3663 398 3727 ppncerned),
406 3665 464 3712 that
474 3671 499 3711 to
509 3670 594 3726 accept
603 3665 625 3710 it
636 3680 695 3726 may
707 3664 734 3711 be
783 3664 854 3728 pey's
867 3663 963 3712 refusal
975 3671 1003 3711 to
1017 3665 1110 3713 relieve
1126 3665 1279 3724 Corfinium,

227 3728 367 3794 ,pameful
381 3730 410 3776 in
427 3729 469 3777 the
484 3744 539 3792 eyes
554 3728 588 3793 qs
599 3729 666 3800 good
679 3730 732 3776 citi·
784 3729 867 3778 which
892 3731 938 3793 Ep.
964 3731 1062 3780 XLIV.
1081 3731 1207 3790 contains,
1227 3747 1280 3782 was
