2834 4326
169 279 223 328 Att.
239 290 259 324 1.
275 275 325 340 17.]
504 274 672 323 CICERO’S
697 274 870 324 LETTERS.
1183 273 1215 324 33

169 445 262 520 tium,
281 419 370 527 quod
394 442 565 525 aliquanto
590 441 691 505 etiam
717 441 816 504 latius
841 451 933 524 patet
957 462 1055 525 quarn
1072 441 1212 518 videtur,
1268 477 1273 481 ·

168 551 338 634 praesenti
354 550 417 614 tibi
433 549 639 614 commodius
657 570 829 632 exponam.
871 551 924 614 De
940 550 981 613 iis
998 550 1120 614 litteris
1133 572 1215 634 quas
1233 583 1249 630 4

168 661 210 724 ad
230 669 265 724 te
282 659 523 724 Thessalonica
539 658 641 735 misit,
661 668 695 722 et
712 660 753 722 de
772 659 982 722 sermonibus
1000 680 1083 742 quos
1100 660 1142 723 ab
1159 659 1215 723 illo

170 778 203 833 et
223 771 351 832 Romae
368 767 456 850 apud
473 768 599 854 amicos
617 777 694 831 tuos
712 777 745 830 et
763 767 797 830 in
816 767 935 831 itinere
952 768 1085 832 habitos
1105 778 1213 850 putas,

168 877 289 960 ecquid
313 885 446 943 tantum
471 896 593 941 causae
620 876 664 939 sit
697 876 814 959 ignoro
822 896 830 954 3
853 869 922 940 ¹sed
950 877 1060 940 omnis
1092 877 1126 940 in
1158 887 1216 940 tua

168 985 279 1069 posita
303 994 355 1048 est
380 984 591 1048 humanitate
616 984 698 1047 mihi
727 1004 804 1066 spes
834 985 932 1048 huius
961 986 1121 1049 levandae
1149 1007 1216 1049 mo-

169 1095 296 1160 lestiae.
335 1094 434 1169 Nam,
452 1093 481 1156 si
498 1092 545 1156 ita
561 1093 729 1168 statueriS,
748 1103 781 1156 et
799 1093 978 1157 irritabiles
995 1081 1216 1158 animos‘esse

170 1202 371 1285 optimorum
386 1221 484 1283 saepe
498 1200 671 1265 hominum
685 1210 719 1263 et
736 1201 872 1264 eosdem
889 1201 1078 1283 placabiles,
1094 1213 1127 1266 et
1141 1223 1216 1266 esse

170 1313 256 1376 hanc
288 1310 484 1394 agilitatem,
514 1318 551 1373 ut
581 1308 629 1372 ita
656 1309 787 1384 dicam,
804 1309 1045 1402 mollitiamque
1077 1320 1216 1375 naturae

169 1421 365 1504 plerumque
388 1418 559 1494 bonitatis,
578 1427 622 1494 et,
641 1417 675 1481 id
690 1418 779 1499 quod
804 1426 903 1500 caput
926 1427 987 1494 est,
1006 1419 1103 1482 nobis
1128 1419 1216 1483 inter

170 1550 232 1592 nos
249 1538 364 1592 nostra
381 1527 451 1591 sive
469 1526 681 1592 incommoda
697 1526 767 1589 sive
783 1526 865 1589 vitia
882 1526 953 1590 sive
978 1526 1115 1591 iniurias
1141 1549 1215 1593 esse

169 1637 369 1713 tolerandas,
395 1635 496 1701 facile
525 1635 617 1710 haec,
644 1635 924 1716 quemadmodum
953 1655 1060 1717 sper0,
1085 1635 1216 1719 initiga-

170 1747 305 1810 buntur.
356 1744 457 1828 Quod
474 1764 537 1827 ego
554 1753 591 1806 ut
608 1743 713 1809 facias
729 1753 764 1806 te
782 1763 856 1820 oro;
878 1764 953 1806 nam
970 1745 1012 1807 ad
1029 1765 1092 1820 me,
1108 1745 1165 1827 qui
1181 1755 1216 1809 te

171 1854 269 1918 unice
290 1853 402 1936 diligo,
421 1852 565 1916 maxime
589 1852 736 1934 pertinet
758 1852 926 1915 neminem
953 1872 1028 1916 esse
1053 1873 1213 1930 meorum,

170 1962 228 2046 qui
243 1972 300 2026 aut
318 1971 352 2025 te
369 1982 437 2025 non
454 1971 542 2024 amet
560 1970 616 2024 aut
634 1961 694 2025 abs
712 1969 746 2023 te
769 1981 836 2026 non
861 1970 1000 2024 ametur.
1053 1961 1115 2024 Illa
1138 1983 1215 2044 pars
1236 1989 1249 2040 5

171 2071 336 2154 epistulae
355 2080 433 2134 tuae
458 2070 596 2133 minime
619 2069 685 2132 fuit
710 2069 908 2146 necessaria,
928 2069 962 2132 in
987 2091 1052 2153 qua
1077 2071 1215 2152 exponis

171 2200 253 2263 quas
270 2179 449 2244 facultates
465 2188 523 2242 aut
543 2178 795 2260 provincialium
820 2187 877 2241 aut
903 2179 1105 2242 urbanorum
1130 2200 1216 2242 com-

171 2288 345 2351 modorum
362 2297 396 2351 et
412 2287 486 2350 aliis
503 2286 710 2368 temporibus
731 2296 765 2350 et
788 2306 841 2350 me
866 2286 938 2369 ipso
964 2288 1101 2351 consule
1125 2309 1216 2369 prae-

171 2396 366 2461 termiseris.
431 2394 517 2458 Mihi
549 2394 638 2458 enim
671 2403 849 2477 perspecta
880 2405 931 2458 est
960 2395 1152 2478 ingenuitas
1181 2406 1215 2459 et

171 2505 368 2589 magnitudo
384 2503 488 2568 animi
504 2503 563 2579 tui,
578 2523 688 2587 neque
705 2523 768 2586 ego
785 2503 873 2566 inter
889 2524 943 2567 me
959 2513 1059 2586 atque
1076 2513 1110 2566 te
1127 2505 1216 2588 quic-

171 2635 270 2696 quam
288 2613 453 2677 interesse
469 2632 626 2694 umquam
645 2611 723 2674 duxi
743 2621 876 2693 praeter
891 2613 1098 2675 voluntatem
1123 2612 1215 2676 insti-

152 2777 155 2784 .
171 2731 265 2786 tutae
281 2721 380 2796 vitae,
395 2721 484 2805 quod
501 2740 556 2783 me
571 2719 711 2784 ambitio
729 2721 890 2803 quaedam
908 2721 949 2783 ad
966 2720 1130 2785 honorum
1148 2731 1215 2785 stu-

205 2871 227 2918 4.
246 2857 282 2905 de
295 2855 331 2905 iis
342 2855 457 2905 litteris:
474 2854 507 2904 ci.
519 2855 582 2903 intr.
594 2867 670 2917 91.-
721 2862 750 2902 to
768 2852 889 2903 business
910 2855 1100 2918 opportunities
1119 2855 1146 2905 in
1171 2856 1216 2905 the

172 2925 207 2973 de
223 2922 416 2973 sermonibus:
435 2921 467 2970 cf.
485 2920 580 2970 introd.
598 2928 668 2978 note,
720 2921 857 2984 provinces
869 2921 953 2970 which
967 2923 1071 2971 Atticus
1088 2922 1140 2970 had
1158 2939 1216 2986 neg-

172 2990 224 3038 and
246 2992 301 3038 Att.
327 3003 348 3037 1.
375 3002 412 3052 19.
441 3001 468 3036 11
502 2987 613 3051 (written
641 2988 668 3036 in
720 2986 805 3036 lected
822 2988 848 3035 in
866 2988 970 3051 serving
987 2988 1032 3037 the
1049 2989 1170 3038 interests
1188 2990 1217 3038 of

174 3057 273 3115 March,
295 3054 329 3105 60
352 3055 414 3118 mc.)
441 3055 553 3114 Quintus
576 3054 670 3118 frater
721 3054 822 3111 Cicero,
834 3054 942 3119 notably
954 3054 1048 3118 during
1060 3056 1104 3105 the
1116 3056 1215 3106 latter’s

169 3131 268 3188 purgat
282 3139 308 3171 se
325 3123 393 3171 mitri
406 3129 457 3185 per
473 3122 569 3169 litteras
586 3127 610 3168 et
625 3122 669 3169 ad·
720 3120 863 3186 candidacy
874 3121 916 3170 for
934 3121 980 3170 the
997 3122 1146 3186 consulship
1164 3123 1215 3172 and

169 3190 262 3254 firmat
284 3189 356 3237 nihil
373 3204 389 3236 a
409 3204 435 3236 se
454 3190 572 3250 cuiquam
594 3189 625 3236 de
646 3194 669 3236 tc
720 3187 890 3252 incumbency
905 3188 934 3236 oi
951 3187 1008 3237 that
1025 3188 1106 3238 office.
1142 3190 1215 3239 Most

171 3273 241 3305 secus
258 3272 311 3306 esst
332 3257 436 3305 dictum.
449 3282 482 3290 —
494 3268 611 3303 causae:
634 3271 667 3302 sc.
720 3253 750 3302 of
769 3254 814 3304 the
837 3254 956 3304 business
974 3263 1095 3306 ventures
1118 3256 1148 3304 of
1170 3259 1215 3305 At-

171 3322 214 3372 for
225 3323 265 3373 his
277 3322 399 3373 conduct.
412 3321 615 3370 -irritabilem
634 3319 667 3370 cf.
720 3321 795 3379 ticos,
819 3321 878 3370 who
901 3338 953 3372 was
977 3338 993 3371 a
1016 3323 1213 3388 money-lenden

174 3390 203 3449 Q.
217 3391 259 3455 fr.
281 3404 301 3438 1.
325 3403 347 3437 1.
367 3401 398 3453 37
423 3404 509 3436 omnes
524 3391 602 3445 enim,
623 3389 670 3451 qui
720 3402 786 3436 were
798 3387 897 3437 carried
910 3405 944 3436 on
963 3389 988 3436 in
1007 3389 1052 3438 the
1069 3390 1214 3452 provinces

171 3459 247 3506 istinc
266 3459 382 3514 veniunt,
401 3455 437 3504 ita
460 3456 491 3503 de
513 3462 558 3504 aaa
576 3456 670 3502 virtute
719 3453 939 3504 -voluntatem
959 3456 1109 3506 institutae
1126 3457 1214 3506 vitae:

172 3525 315 3586 integritate
340 3523 501 3572 humanitate
527 3537 669 3570 commemo
721 3520 814 3570 Cicero
833 3537 885 3570 was
905 3522 1045 3572 interested
1065 3523 1092 3571 in
1112 3524 1215 3586 politics

171 3597 239 3647 rant,
258 3592 335 3638 utin
356 3591 408 3637 tuis
424 3589 533 3636 summai
549 3588 670 3636 laudibus
720 3587 794 3635 while
824 3589 927 3637 Atticus
956 3588 1017 3638 held
1046 3590 1119 3638 aloof
1145 3589 1213 3638 from

170 3658 301 3719 excipiant
310 3671 390 3705 unam
404 3656 576 3703 iracundiam.
720 3654 802 3712 them;
832 3655 865 3703 ci.
886 3655 948 3703 Intr.
973 3654 1010 3721 58.
1020 3658 1214 3707 -honorumz

206 3735 227 3788 5.
246 3721 465 3787 provincialium
489 3720 615 3784 probably
633 3735 668 3768 re·
719 3720 806 3783 public
827 3719 999 3779 distinctions,
1017 3723 1155 3788 especially
1171 3739 1215 3786 po

169 3789 224 3840 im
235 3795 283 3839 not
294 3796 324 3838 to
340 3787 456 3853 political
474 3787 602 3850 positions
620 3786 667 3834 but
718 3787 798 3835 litical
818 3787 1034 3838 obices-cum
1058 3821 1064 3837 .
1093 3820 1099 3838 .
1124 3819 1131 3838 .
1155 3789 1215 3840 dir·
