<?xml version="1.0" encoding="UTF-8"?>
<!DOCTYPE html PUBLIC "-//W3C//DTD XHTML 1.0 Transitional//EN"
    "http://www.w3.org/TR/xhtml1/DTD/xhtml1-transitional.dtd">
<html xmlns="http://www.w3.org/1999/xhtml" xml:lang="en" lang="en">
 <head>
  <title>
</title>
<meta http-equiv="Content-Type" content="text/html;charset=utf-8" />
  <meta name='ocr-system' content='tesseract 3.04.00' />
  <meta name='ocr-capabilities' content='ocr_page ocr_carea ocr_par ocr_line ocrx_word'/>
</head>
<body>
  <div class='ocr_page' id='page_1' title='image "./selectedletters03cicegoog_0306.png"; bbox 0 0 2814 4328; ppageno 0'>
   <div class='ocr_carea' id='block_1_1' title="bbox 170 300 1218 369">
    <p class='ocr_par' dir='ltr' id='par_1_1' title="bbox 170 300 1218 369">
     <span class='ocr_line' id='line_1_1' title="bbox 170 300 1218 369; baseline 0.003 -15"><span class='ocrx_word' id='word_1_1' title='bbox 170 305 243 355; x_wconf 73' lang='lat' dir='ltr'><strong>ram.</strong></span> <span class='ocrx_word' id='word_1_2' title='bbox 257 316 281 364; x_wconf 69' lang='grc' dir='ltr'><strong>Ι.</strong></span> <span class='ocrx_word' id='word_1_3' title='bbox 295 300 330 369; x_wconf 69' lang='grc'><strong>5.]</strong></span> <span class='ocrx_word' id='word_1_4' title='bbox 512 300 680 352; x_wconf 77' lang='lat' dir='ltr'><strong>crcano’s</strong></span> <span class='ocrx_word' id='word_1_5' title='bbox 705 301 880 353; x_wconf 77' lang='lat' dir='ltr'><strong>narrans.</strong></span> <span class='ocrx_word' id='word_1_6' title='bbox 1169 303 1218 358; x_wconf 79' lang='lat' dir='ltr'><strong>aas</strong></span> 
     </span>
    </p>
   </div>
   <div class='ocr_carea' id='block_1_2' title="bbox 142 457 1272 2185">
    <p class='ocr_par' dir='ltr' id='par_1_2' title="bbox 142 457 1272 2185">
     <span class='ocr_line' id='line_1_2' title="bbox 169 457 1272 557; baseline 0.004 -23"><span class='ocrx_word' id='word_1_7' title='bbox 169 471 237 555; x_wconf 93' lang='lat' dir='ltr'><strong>qui,</strong></span> <span class='ocrx_word' id='word_1_8' title='bbox 258 470 288 533; x_wconf 92' lang='lat' dir='ltr'><strong>si</strong></span> <span class='ocrx_word' id='word_1_9' title='bbox 303 469 381 534; x_wconf 90' lang='lat' dir='ltr'><strong>istic</strong></span> <span class='ocrx_word' id='word_1_10' title='bbox 397 468 592 545; x_wconf 84' lang='lat' dir='ltr'><strong>adfuissem,</strong></span> <span class='ocrx_word' id='word_1_11' title='bbox 611 471 722 553; x_wconf 82' lang='lat' dir='ltr'><strong>nequ&#39;e</strong></span> <span class='ocrx_word' id='word_1_12' title='bbox 745 469 808 534; x_wconf 92' lang='lat' dir='ltr'><strong>tibi</strong></span> <span class='ocrx_word' id='word_1_13' title='bbox 833 470 1017 535; x_wconf 83' lang='lat' dir='ltr'>defuissem</span> <span class='ocrx_word' id='word_1_14' title='bbox 1041 492 1219 557; x_wconf 91' lang='lat' dir='ltr'><strong>coramque</strong></span> <span class='ocrx_word' id='word_1_15' title='bbox 1263 457 1272 470; x_wconf 56' lang='lat'>¹</span> 
     </span>
     <span class='ocr_line' id='line_1_3' title="bbox 169 577 1219 664; baseline 0.005 -22"><span class='ocrx_word' id='word_1_16' title='bbox 169 600 283 643; x_wconf 91' lang='lat' dir='ltr'><strong>meum</strong></span> <span class='ocrx_word' id='word_1_17' title='bbox 300 578 449 642; x_wconf 91' lang='lat' dir='ltr'><strong>dolorem</strong></span> <span class='ocrx_word' id='word_1_18' title='bbox 467 577 529 641; x_wconf 91' lang='lat' dir='ltr'><strong>tibi</strong></span> <span class='ocrx_word' id='word_1_19' title='bbox 546 577 778 643; x_wconf 88' lang='lat' dir='ltr'><strong>declarassem.</strong></span> <span class='ocrx_word' id='word_1_20' title='bbox 829 579 906 643; x_wconf 92' lang='lat' dir='ltr'><strong>Etsi</strong></span> <span class='ocrx_word' id='word_1_21' title='bbox 930 600 1037 664; x_wconf 85' lang='lat' dir='ltr'><strong>genus</strong></span> <span class='ocrx_word' id='word_1_22' title='bbox 1058 581 1121 646; x_wconf 93' lang='lat' dir='ltr'><strong>hoc</strong></span> <span class='ocrx_word' id='word_1_23' title='bbox 1144 603 1219 646; x_wconf 94' lang='lat' dir='ltr'><strong>con-</strong></span> 
     </span>
     <span class='ocr_line' id='line_1_4' title="bbox 169 686 1235 774; baseline 0.003 -22"><span class='ocrx_word' id='word_1_24' title='bbox 169 687 347 752; x_wconf 90' lang='lat' dir='ltr'><strong>solationis</strong></span> <span class='ocrx_word' id='word_1_25' title='bbox 363 686 523 749; x_wconf 93' lang='lat' dir='ltr'><strong>miserum</strong></span> <span class='ocrx_word' id='word_1_26' title='bbox 540 695 643 769; x_wconf 92' lang='lat' dir='ltr'><strong>atque</strong></span> <span class='ocrx_word' id='word_1_27' title='bbox 664 688 822 751; x_wconf 88' lang='lat' dir='ltr'><strong>acerbum</strong></span> <span class='ocrx_word' id='word_1_28' title='bbox 847 697 909 765; x_wconf 92' lang='lat' dir='ltr'><strong>est,</strong></span> <span class='ocrx_word' id='word_1_29' title='bbox 929 699 1106 772; x_wconf 90' lang='lat' dir='ltr'><strong>propterea</strong></span> <span class='ocrx_word' id='word_1_30' title='bbox 1130 691 1235 774; x_wconf 91' lang='lat' dir='ltr'><strong>quia,</strong></span> 
     </span>
     <span class='ocr_line' id='line_1_5' title="bbox 168 794 1218 893; baseline 0.003 -34"><span class='ocrx_word' id='word_1_31' title='bbox 168 817 229 879; x_wconf 91' lang='lat' dir='ltr'><strong>per</strong></span> <span class='ocrx_word' id='word_1_32' title='bbox 246 815 330 879; x_wconf 92' lang='lat' dir='ltr'><strong>quos</strong></span> <span class='ocrx_word' id='word_1_33' title='bbox 354 815 393 858; x_wconf 91' lang='lat' dir='ltr'><strong>ea</strong></span> <span class='ocrx_word' id='word_1_34' title='bbox 415 794 553 858; x_wconf 89' lang='lat' dir='ltr'><strong>confieri</strong></span> <span class='ocrx_word' id='word_1_35' title='bbox 577 795 677 858; x_wconf 93' lang='lat' dir='ltr'><strong>debet</strong></span> <span class='ocrx_word' id='word_1_36' title='bbox 702 795 907 880; x_wconf 92' lang='lat' dir='ltr'><strong>propinquos</strong></span> <span class='ocrx_word' id='word_1_37' title='bbox 928 817 970 862; x_wconf 91' lang='lat' dir='ltr'><strong>ac</strong></span> <span class='ocrx_word' id='word_1_38' title='bbox 993 796 1216 893; x_wconf 76' lang='lat' dir='ltr'><strong>familiaris,”</strong></span> <span class='ocrx_word' id='word_1_39' title='bbox 1195 820 1218 862; x_wconf 92' lang='lat'><strong>11</strong></span> 
     </span>
     <span class='ocr_line' id='line_1_6' title="bbox 168 883 1218 988; baseline 0.005 -22"><span class='ocrx_word' id='word_1_40' title='bbox 168 904 235 986; x_wconf 94' lang='lat' dir='ltr'><strong>ipsi</strong></span> <span class='ocrx_word' id='word_1_41' title='bbox 252 924 324 986; x_wconf 92' lang='lat' dir='ltr'><strong>par1</strong></span> <span class='ocrx_word' id='word_1_42' title='bbox 315 902 495 966; x_wconf 90' lang='lat' dir='ltr'><strong>molestia</strong></span> <span class='ocrx_word' id='word_1_43' title='bbox 513 902 716 968; x_wconf 87' lang='lat' dir='ltr'><strong>adficiuntur</strong></span> <span class='ocrx_word' id='word_1_44' title='bbox 738 923 847 988; x_wconf 92' lang='lat' dir='ltr'><strong>neque</strong></span> <span class='ocrx_word' id='word_1_45' title='bbox 871 904 945 969; x_wconf 91' lang='lat' dir='ltr'><strong>sine</strong></span> <span class='ocrx_word' id='word_1_46' title='bbox 968 883 1113 970; x_wconf 88' lang='lat' dir='ltr'><strong>lacrimis</strong></span> <span class='ocrx_word' id='word_1_47' title='bbox 1137 907 1218 972; x_wconf 95' lang='lat' dir='ltr'><strong>mul-</strong></span> 
     </span>
     <span class='ocr_line' id='line_1_7' title="bbox 168 1010 1216 1095; baseline 0.003 -19"><span class='ocrx_word' id='word_1_48' title='bbox 168 1013 215 1076; x_wconf 91' lang='lat' dir='ltr'><strong>tis</strong></span> <span class='ocrx_word' id='word_1_49' title='bbox 233 1011 267 1075; x_wconf 94' lang='lat' dir='ltr'><strong>id</strong></span> <span class='ocrx_word' id='word_1_50' title='bbox 284 1011 398 1075; x_wconf 90' lang='lat' dir='ltr'><strong>conari</strong></span> <span class='ocrx_word' id='word_1_51' title='bbox 419 1020 572 1094; x_wconf 86' lang='lat' dir='ltr'><strong>possunt,</strong></span> <span class='ocrx_word' id='word_1_52' title='bbox 590 1011 640 1074; x_wconf 93' lang='lat' dir='ltr'><strong>uti</strong></span> <span class='ocrx_word' id='word_1_53' title='bbox 665 1010 772 1094; x_wconf 86' lang='lat' dir='ltr'><strong>magis</strong></span> <span class='ocrx_word' id='word_1_54' title='bbox 797 1012 862 1095; x_wconf 82' lang='lat' dir='ltr'><strong>ipss</strong></span> <span class='ocrx_word' id='word_1_55' title='bbox 853 1012 1055 1079; x_wconf 89' lang='lat' dir='ltr'><strong>videantur</strong></span> <span class='ocrx_word' id='word_1_56' title='bbox 1078 1014 1216 1080; x_wconf 92' lang='lat' dir='ltr'><strong>aliorum</strong></span> 
     </span>
     <span class='ocr_line' id='line_1_8' title="bbox 169 1115 1216 1203; baseline 0.003 -18"><span class='ocrx_word' id='word_1_57' title='bbox 169 1119 402 1185; x_wconf 88' lang='lat' dir='ltr'><strong>consolatione</strong></span> <span class='ocrx_word' id='word_1_58' title='bbox 427 1119 578 1203; x_wconf 86' lang='lat' dir='ltr'><strong>indigere</strong></span> <span class='ocrx_word' id='word_1_59' title='bbox 602 1140 701 1202; x_wconf 91' lang='lat' dir='ltr'><strong>quam</strong></span> <span class='ocrx_word' id='word_1_60' title='bbox 727 1119 801 1184; x_wconf 93' lang='lat' dir='ltr'><strong>aliis</strong></span> <span class='ocrx_word' id='word_1_61' title='bbox 824 1140 926 1203; x_wconf 90' lang='lat' dir='ltr'><strong>posse</strong></span> <span class='ocrx_word' id='word_1_62' title='bbox 950 1115 1047 1187; x_wconf 90' lang='lat' dir='ltr'><strong>suum</strong></span> <span class='ocrx_word' id='word_1_63' title='bbox 1072 1123 1216 1188; x_wconf 89' lang='lat' dir='ltr'><strong>officium</strong></span> 
     </span>
     <span class='ocr_line' id='line_1_9' title="bbox 170 1227 1217 1312; baseline 0.003 -20"><span class='ocrx_word' id='word_1_64' title='bbox 170 1238 352 1312; x_wconf 91' lang='lat' dir='ltr'><strong>praestare,</strong></span> <span class='ocrx_word' id='word_1_65' title='bbox 377 1237 501 1304; x_wconf 90' lang='lat' dir='ltr'><strong>tamen,</strong></span> <span class='ocrx_word' id='word_1_66' title='bbox 520 1247 606 1310; x_wconf 89' lang='lat' dir='ltr'><strong>quae</strong></span> <span class='ocrx_word' id='word_1_67' title='bbox 630 1227 665 1292; x_wconf 90' lang='lat' dir='ltr'><strong>in</strong></span> <span class='ocrx_word' id='word_1_68' title='bbox 690 1229 881 1312; x_wconf 89' lang='lat' dir='ltr'><strong>praesentia</strong></span> <span class='ocrx_word' id='word_1_69' title='bbox 905 1230 939 1293; x_wconf 92' lang='lat' dir='ltr'><strong>in</strong></span> <span class='ocrx_word' id='word_1_70' title='bbox 964 1240 1110 1294; x_wconf 85' lang='lat' dir='ltr'><strong>mentem</strong></span> <span class='ocrx_word' id='word_1_71' title='bbox 1136 1232 1217 1296; x_wconf 94' lang='lat' dir='ltr'><strong>mihi</strong></span> 
     </span>
     <span class='ocr_line' id='line_1_10' title="bbox 169 1335 1219 1423; baseline 0.004 -22"><span class='ocrx_word' id='word_1_72' title='bbox 169 1347 337 1402; x_wconf 90' lang='lat' dir='ltr'><strong>venerunt</strong></span> <span class='ocrx_word' id='word_1_73' title='bbox 361 1335 495 1400; x_wconf 90' lang='lat' dir='ltr'><strong>decrevi</strong></span> <span class='ocrx_word' id='word_1_74' title='bbox 518 1335 612 1400; x_wconf 90' lang='lat' dir='ltr'><strong>brevi</strong></span> <span class='ocrx_word' id='word_1_75' title='bbox 635 1337 678 1400; x_wconf 92' lang='lat' dir='ltr'><strong>ad</strong></span> <span class='ocrx_word' id='word_1_76' title='bbox 702 1346 737 1400; x_wconf 92' lang='lat' dir='ltr'><strong>te</strong></span> <span class='ocrx_word' id='word_1_77' title='bbox 761 1338 978 1420; x_wconf 88' lang='lat' dir='ltr'><strong>perscribere,</strong></span> <span class='ocrx_word' id='word_1_78' title='bbox 997 1360 1064 1403; x_wconf 94' lang='lat' dir='ltr'><strong>non</strong></span> <span class='ocrx_word' id='word_1_79' title='bbox 1089 1361 1154 1423; x_wconf 92' lang='lat' dir='ltr'><strong>quo</strong></span> <span class='ocrx_word' id='word_1_80' title='bbox 1179 1361 1219 1405; x_wconf 92' lang='lat' dir='ltr'><strong>ea</strong></span> 
     </span>
     <span class='ocr_line' id='line_1_11' title="bbox 170 1444 1218 1533; baseline 0.003 -23"><span class='ocrx_word' id='word_1_81' title='bbox 170 1455 205 1510; x_wconf 87' lang='lat' dir='ltr'><strong>te</strong></span> <span class='ocrx_word' id='word_1_82' title='bbox 230 1447 349 1529; x_wconf 83' lang='lat' dir='ltr'><strong>fugere</strong></span> <span class='ocrx_word' id='word_1_83' title='bbox 377 1444 577 1521; x_wconf 84' lang='lat' dir='ltr'><strong>existimem,</strong></span> <span class='ocrx_word' id='word_1_84' title='bbox 604 1445 663 1509; x_wconf 95' lang='lat' dir='ltr'><strong>sed</strong></span> <span class='ocrx_word' id='word_1_85' title='bbox 688 1446 777 1530; x_wconf 93' lang='lat' dir='ltr'><strong>quod</strong></span> <span class='ocrx_word' id='word_1_86' title='bbox 805 1445 949 1510; x_wconf 82' lang='lat' dir='ltr'><strong>forsitan</strong></span> <span class='ocrx_word' id='word_1_87' title='bbox 976 1448 1089 1512; x_wconf 91' lang='lat' dir='ltr'><strong>dolore</strong></span> <span class='ocrx_word' id='word_1_88' title='bbox 1117 1449 1218 1533; x_wconf 92' lang='lat' dir='ltr'><strong>impe-</strong></span> 
     </span>
     <span class='ocr_line' id='line_1_12' title="bbox 170 1545 1258 1640; baseline 0.004 -22"><span class='ocrx_word' id='word_1_89' title='bbox 170 1554 263 1618; x_wconf 93' lang='lat' dir='ltr'><strong>ditus</strong></span> <span class='ocrx_word' id='word_1_90' title='bbox 280 1553 391 1618; x_wconf 91' lang='lat' dir='ltr'><strong>minus</strong></span> <span class='ocrx_word' id='word_1_91' title='bbox 408 1573 448 1617; x_wconf 89' lang='lat' dir='ltr'><strong>ea</strong></span> <span class='ocrx_word' id='word_1_92' title='bbox 464 1553 656 1637; x_wconf 89' lang='lat' dir='ltr'><strong>perspicias.</strong></span> <span class='ocrx_word' id='word_1_93' title='bbox 707 1554 799 1638; x_wconf 84' lang='lat' dir='ltr'><strong>Quid</strong></span> <span class='ocrx_word' id='word_1_94' title='bbox 823 1557 982 1638; x_wconf 90' lang='lat' dir='ltr'><strong>estquod</strong></span> <span class='ocrx_word' id='word_1_95' title='bbox 1003 1565 1098 1620; x_wconf 90' lang='lat' dir='ltr'><strong>tanto</strong></span> <span class='ocrx_word' id='word_1_96' title='bbox 1116 1578 1217 1640; x_wconf 90' lang='lat' dir='ltr'><strong>opere</strong></span> <span class='ocrx_word' id='word_1_97' title='bbox 1236 1545 1258 1621; x_wconf 74' lang='lat'><strong>2&#39;</strong></span> 
     </span>
     <span class='ocr_line' id='line_1_13' title="bbox 142 1662 1217 1749; baseline 0.004 -23"><span class='ocrx_word' id='word_1_98' title='bbox 142 1708 148 1716; x_wconf 81' lang='lat'><strong>·</strong></span> <span class='ocrx_word' id='word_1_99' title='bbox 168 1672 205 1727; x_wconf 90' lang='lat' dir='ltr'><strong>te</strong></span> <span class='ocrx_word' id='word_1_100' title='bbox 230 1672 438 1727; x_wconf 89' lang='lat' dir='ltr'><strong>commoveat</strong></span> <span class='ocrx_word' id='word_1_101' title='bbox 462 1672 542 1726; x_wconf 91' lang='lat' dir='ltr'><strong>tuus</strong></span> <span class='ocrx_word' id='word_1_102' title='bbox 566 1662 660 1726; x_wconf 93' lang='lat' dir='ltr'><strong>dolor</strong></span> <span class='ocrx_word' id='word_1_103' title='bbox 691 1662 899 1727; x_wconf 90' lang='lat' dir='ltr'><strong>intestinus?</strong></span> <span class='ocrx_word' id='word_1_104' title='bbox 957 1664 1078 1748; x_wconf 87' lang='lat' dir='ltr'><strong>Cogita</strong></span> <span class='ocrx_word' id='word_1_105' title='bbox 1106 1686 1217 1749; x_wconf 90' lang='lat' dir='ltr'><strong>quem-</strong></span> 
     </span>
     <span class='ocr_line' id='line_1_14' title="bbox 168 1770 1216 1856; baseline 0.003 -20"><span class='ocrx_word' id='word_1_106' title='bbox 168 1772 349 1836; x_wconf 90' lang='lat' dir='ltr'><strong>admodum</strong></span> <span class='ocrx_word' id='word_1_107' title='bbox 383 1771 492 1835; x_wconf 92' lang='lat' dir='ltr'><strong>adhuc</strong></span> <span class='ocrx_word' id='word_1_108' title='bbox 523 1770 661 1834; x_wconf 86' lang='lat' dir='ltr'><strong>fortuna</strong></span> <span class='ocrx_word' id='word_1_109' title='bbox 688 1771 862 1836; x_wconf 91' lang='lat' dir='ltr'><strong>nobiscum</strong></span> <span class='ocrx_word' id='word_1_110' title='bbox 887 1773 1019 1856; x_wconf 83' lang='lat' dir='ltr'><strong>egerit:</strong></span> <span class='ocrx_word' id='word_1_111' title='bbox 1053 1794 1092 1837; x_wconf 91' lang='lat' dir='ltr'><strong>ea</strong></span> <span class='ocrx_word' id='word_1_112' title='bbox 1119 1775 1216 1840; x_wconf 92' lang='lat' dir='ltr'><strong>nobis</strong></span> 
     </span>
     <span class='ocr_line' id='line_1_15' title="bbox 169 1879 1217 1966; baseline 0.003 -22"><span class='ocrx_word' id='word_1_113' title='bbox 169 1889 287 1963; x_wconf 89' lang='lat' dir='ltr'><strong>erepta</strong></span> <span class='ocrx_word' id='word_1_114' title='bbox 319 1899 394 1944; x_wconf 90' lang='lat' dir='ltr'><strong>esse</strong></span> <span class='ocrx_word' id='word_1_115' title='bbox 425 1899 511 1964; x_wconf 93' lang='lat' dir='ltr'><strong>quae</strong></span> <span class='ocrx_word' id='word_1_116' title='bbox 539 1879 731 1944; x_wconf 91' lang='lat' dir='ltr'><strong>hominibus</strong></span> <span class='ocrx_word' id='word_1_117' title='bbox 759 1900 828 1944; x_wconf 91' lang='lat' dir='ltr'><strong>non</strong></span> <span class='ocrx_word' id='word_1_118' title='bbox 856 1881 968 1946; x_wconf 90' lang='lat' dir='ltr'><strong>minus</strong></span> <span class='ocrx_word' id='word_1_119' title='bbox 994 1903 1092 1966; x_wconf 93' lang='lat' dir='ltr'><strong>quam</strong></span> <span class='ocrx_word' id='word_1_120' title='bbox 1120 1883 1217 1947; x_wconf 89' lang='lat' dir='ltr'><strong>liberi</strong></span> 
     </span>
     <span class='ocr_line' id='line_1_16' title="bbox 168 1985 1215 2078; baseline 0.003 -21"><span class='ocrx_word' id='word_1_121' title='bbox 168 1992 246 2057; x_wconf 84' lang='lat' dir='ltr'><strong>cara&#39;</strong></span> <span class='ocrx_word' id='word_1_122' title='bbox 282 2007 365 2056; x_wconf 84' lang='lat' dir='ltr'><strong>esse·</strong></span> <span class='ocrx_word' id='word_1_123' title='bbox 395 1985 531 2068; x_wconf 89' lang='lat' dir='ltr'><strong>debent,</strong></span> <span class='ocrx_word' id='word_1_124' title='bbox 573 1993 715 2074; x_wconf 91' lang='lat' dir='ltr'><strong>patriam</strong></span> <span class='ocrx_word' id='word_1_125' title='bbox 758 1992 973 2058; x_wconf 90' lang='lat' dir='ltr'><strong>honestatem</strong></span> <span class='ocrx_word' id='word_1_126' title='bbox 1017 1995 1215 2078; x_wconf 84' lang='lat' dir='ltr'><strong>dignitatem</strong></span> 
     </span>
     <span class='ocr_line' id='line_1_17' title="bbox 168 2100 1216 2185; baseline 0.004 -21"><span class='ocrx_word' id='word_1_127' title='bbox 168 2102 315 2165; x_wconf 90' lang='lat' dir='ltr'><strong>honores</strong></span> <span class='ocrx_word' id='word_1_128' title='bbox 338 2100 460 2165; x_wconf 90' lang='lat' dir='ltr'><strong>omnis.</strong></span> <span class='ocrx_word' id='word_1_129' title='bbox 511 2100 589 2164; x_wconf 92' lang='lat' dir='ltr'><strong>Hoc</strong></span> <span class='ocrx_word' id='word_1_130' title='bbox 613 2121 680 2164; x_wconf 93' lang='lat' dir='ltr'><strong>uno</strong></span> <span class='ocrx_word' id='word_1_131' title='bbox 705 2100 917 2165; x_wconf 90' lang='lat' dir='ltr'><strong>incommodo</strong></span> <span class='ocrx_word' id='word_1_132' title='bbox 940 2103 1054 2167; x_wconf 91' lang='lat' dir='ltr'><strong>addito</strong></span> <span class='ocrx_word' id='word_1_133' title='bbox 1071 2104 1150 2185; x_wconf 91' lang='lat' dir='ltr'><strong>quid</strong></span> <span class='ocrx_word' id='word_1_134' title='bbox 1173 2105 1216 2168; x_wconf 95' lang='lat' dir='ltr'><strong>ad</strong></span> 
     </span>
    </p>
   </div>
   <div class='ocr_carea' id='block_1_3' title="bbox 168 2206 1249 2513">
    <p class='ocr_par' dir='ltr' id='par_1_3' title="bbox 168 2206 1249 2513">
     <span class='ocr_line' id='line_1_18' title="bbox 168 2206 1216 2292; baseline 0.003 -18"><span class='ocrx_word' id='word_1_135' title='bbox 168 2211 318 2274; x_wconf 91' lang='lat' dir='ltr'><strong>dolorem</strong></span> <span class='ocrx_word' id='word_1_136' title='bbox 343 2208 481 2292; x_wconf 88' lang='lat' dir='ltr'><strong>adiungi</strong></span> <span class='ocrx_word' id='word_1_137' title='bbox 504 2208 637 2292; x_wconf 88' lang='lat' dir='ltr'><strong>potuit?</strong></span> <span class='ocrx_word' id='word_1_138' title='bbox 666 2206 751 2273; x_wconf 80' lang='lat' dir='ltr'><strong>&#39;Aut</strong></span> <span class='ocrx_word' id='word_1_139' title='bbox 780 2210 930 2292; x_wconf 91' lang='lat' dir='ltr'><strong>quinon</strong></span> <span class='ocrx_word' id='word_1_140' title='bbox 960 2211 994 2274; x_wconf 90' lang='lat' dir='ltr'><strong>in</strong></span> <span class='ocrx_word' id='word_1_141' title='bbox 1022 2212 1087 2276; x_wconf 91' lang='lat' dir='ltr'><strong>illis</strong></span> <span class='ocrx_word' id='word_1_142' title='bbox 1116 2214 1216 2277; x_wconf 91' lang='lat' dir='ltr'><strong>rebus</strong></span> 
     </span>
     <span class='ocr_line' id='line_1_19' title="bbox 168 2317 1215 2402; baseline 0.001 -19"><span class='ocrx_word' id='word_1_143' title='bbox 168 2318 374 2384; x_wconf 89' lang='lat' dir='ltr'><strong>exercitatus</strong></span> <span class='ocrx_word' id='word_1_144' title='bbox 390 2318 521 2382; x_wconf 91' lang='lat' dir='ltr'><strong>animus</strong></span> <span class='ocrx_word' id='word_1_145' title='bbox 539 2317 659 2382; x_wconf 90' lang='lat' dir='ltr'><strong>callere</strong></span> <span class='ocrx_word' id='word_1_146' title='bbox 675 2317 740 2382; x_wconf 89' lang='lat' dir='ltr'><strong>iam</strong></span> <span class='ocrx_word' id='word_1_147' title='bbox 754 2318 854 2382; x_wconf 91' lang='lat' dir='ltr'><strong>debet</strong></span> <span class='ocrx_word' id='word_1_148' title='bbox 871 2327 971 2402; x_wconf 91' lang='lat' dir='ltr'><strong>atque</strong></span> <span class='ocrx_word' id='word_1_149' title='bbox 988 2321 1100 2384; x_wconf 91' lang='lat' dir='ltr'><strong>omnia</strong></span> <span class='ocrx_word' id='word_1_150' title='bbox 1112 2322 1215 2385; x_wconf 92' lang='lat' dir='ltr'><strong>mino-</strong></span> 
     </span>
     <span class='ocr_line' id='line_1_20' title="bbox 168 2425 1249 2513; baseline 0.002 -21"><span class='ocrx_word' id='word_1_151' title='bbox 168 2429 216 2492; x_wconf 89' lang='lat' dir='ltr'><strong>ris</strong></span> <span class='ocrx_word' id='word_1_152' title='bbox 240 2427 453 2492; x_wconf 87' lang='lat' dir='ltr'><strong>existimare?</strong></span> <span class='ocrx_word' id='word_1_153' title='bbox 502 2425 559 2489; x_wconf 87' lang='lat' dir='ltr'><strong>An</strong></span> <span class='ocrx_word' id='word_1_154' title='bbox 585 2426 673 2491; x_wconf 90' lang='lat' dir='ltr'><strong>illius</strong></span> <span class='ocrx_word' id='word_1_155' title='bbox 698 2427 815 2503; x_wconf 90' lang='lat' dir='ltr'><strong>vicem,</strong></span> <span class='ocrx_word' id='word_1_156' title='bbox 834 2429 942 2504; x_wconf 91' lang='lat' dir='ltr'><strong>credo,</strong></span> <span class='ocrx_word' id='word_1_157' title='bbox 960 2429 1077 2492; x_wconf 88' lang='lat' dir='ltr'><strong>doles?</strong></span> <span class='ocrx_word' id='word_1_158' title='bbox 1126 2430 1249 2513; x_wconf 84' lang='lat' dir='ltr'><strong>Quo-3</strong></span> 
     </span>
    </p>
   </div>
   <div class='ocr_carea' id='block_1_4' title="bbox 165 2601 1215 3869">
    <p class='ocr_par' dir='ltr' id='par_1_4' title="bbox 165 2601 1215 3869">
     <span class='ocr_line' id='line_1_21' title="bbox 169 2601 1215 2667; baseline 0.001 -14"><span class='ocrx_word' id='word_1_159' title='bbox 169 2604 219 2667; x_wconf 90' lang='lat' dir='ltr'><strong>Ep.</strong></span> <span class='ocrx_word' id='word_1_160' title='bbox 242 2604 272 2652; x_wconf 88' lang='lat' dir='ltr'><strong>L.</strong></span> <span class='ocrx_word' id='word_1_161' title='bbox 294 2617 394 2651; x_wconf 91' lang='lat' dir='ltr'><strong>1n.-</strong></span> <span class='ocrx_word' id='word_1_162' title='bbox 406 2601 472 2652; x_wconf 88' lang='lat' dir='ltr'><strong>istic</strong></span> <span class='ocrx_word' id='word_1_163' title='bbox 491 2601 666 2652; x_wconf 84' lang='lat' dir='ltr'><strong>adfuissem</strong></span> <span class='ocrx_word' id='word_1_164' title='bbox 719 2602 802 2651; x_wconf 86' lang='lat' dir='ltr'><strong>forms</strong></span> <span class='ocrx_word' id='word_1_165' title='bbox 823 2618 853 2652; x_wconf 89' lang='lat' dir='ltr'><strong>as</strong></span> <span class='ocrx_word' id='word_1_166' title='bbox 871 2604 976 2666; x_wconf 84' lang='lat' dir='ltr'><strong>confieri</strong></span> <span class='ocrx_word' id='word_1_167' title='bbox 995 2603 1047 2652; x_wconf 85' lang='lat' dir='ltr'><strong>and</strong></span> <span class='ocrx_word' id='word_1_168' title='bbox 1067 2605 1155 2667; x_wconf 82' lang='lat' dir='ltr'><strong>defieri</strong></span> <span class='ocrx_word' id='word_1_169' title='bbox 1172 2604 1215 2655; x_wconf 84' lang='lat' dir='ltr'><strong>for</strong></span> 
     </span>
     <span class='ocr_line' id='line_1_22' title="bbox 168 2668 1213 2749; baseline 0 -29"><span class='ocrx_word' id='word_1_170' title='bbox 168 2671 314 2749; x_wconf 87' lang='lat' dir='ltr'><strong>pleonastic</strong></span> <span class='ocrx_word' id='word_1_171' title='bbox 331 2670 373 2718; x_wconf 91' lang='lat' dir='ltr'><strong>for</strong></span> <span class='ocrx_word' id='word_1_172' title='bbox 389 2669 536 2734; x_wconf 83' lang='lat' dir='ltr'><strong>adfuissem.</strong></span> <span class='ocrx_word' id='word_1_173' title='bbox 545 2668 668 2718; x_wconf 82' lang='lat' dir='ltr'><strong>-istic·</strong></span> <span class='ocrx_word' id='word_1_174' title='bbox 719 2670 808 2732; x_wconf 76' lang='lat' dir='ltr'><strong>confici</strong></span> <span class='ocrx_word' id='word_1_175' title='bbox 818 2670 870 2718; x_wconf 91' lang='lat' dir='ltr'><strong>and</strong></span> <span class='ocrx_word' id='word_1_176' title='bbox 882 2671 955 2734; x_wconf 83' lang='lat' dir='ltr'><strong>defici</strong></span> <span class='ocrx_word' id='word_1_177' title='bbox 964 2685 1007 2718; x_wconf 87' lang='lat' dir='ltr'><strong>are</strong></span> <span class='ocrx_word' id='word_1_178' title='bbox 1020 2671 1102 2719; x_wconf 86' lang='lat' dir='ltr'><strong>found</strong></span> <span class='ocrx_word' id='word_1_179' title='bbox 1115 2672 1193 2737; x_wconf 94' lang='lat' dir='ltr'><strong>only&#39;</strong></span> <span class='ocrx_word' id='word_1_180' title='bbox 1187 2687 1213 2720; x_wconf 80' lang='lat' dir='ltr'><strong>in</strong></span> 
     </span>
     <span class='ocr_line' id='line_1_23' title="bbox 167 2736 1214 2802; baseline 0.001 -17"><span class='ocrx_word' id='word_1_181' title='bbox 167 2739 207 2786; x_wconf 89' lang='lat' dir='ltr'><strong>i..e</strong></span> <span class='ocrx_word' id='word_1_182' title='bbox 214 2753 240 2785; x_wconf 89' lang='grc' dir='ltr'><strong>ΙΙΙ</strong></span> <span class='ocrx_word' id='word_1_183' title='bbox 251 2738 324 2802; x_wconf 88' lang='lat' dir='ltr'><strong>Italy</strong></span> <span class='ocrx_word' id='word_1_184' title='bbox 351 2736 548 2786; x_wconf 80' lang='lat' dir='ltr'><strong>Serviuswasm</strong></span> <span class='ocrx_word' id='word_1_185' title='bbox 557 2736 667 2784; x_wconf 89' lang='lat' dir='ltr'><strong>Athens</strong></span> <span class='ocrx_word' id='word_1_186' title='bbox 719 2736 859 2799; x_wconf 77' lang='lat' dir='ltr'><strong>colloquial</strong></span> <span class='ocrx_word' id='word_1_187' title='bbox 871 2737 923 2784; x_wconf 90' lang='lat' dir='ltr'><strong>and</strong></span> <span class='ocrx_word' id='word_1_188' title='bbox 936 2737 1037 2786; x_wconf 85' lang='lat' dir='ltr'><strong>archaic</strong></span> <span class='ocrx_word' id='word_1_189' title='bbox 1046 2738 1127 2786; x_wconf 91' lang='lat' dir='ltr'><strong>Latm</strong></span> <span class='ocrx_word' id='word_1_190' title='bbox 1164 2738 1214 2796; x_wconf 68' lang='lat' dir='ltr'><strong>Cf„</strong></span> 
     </span>
     <span class='ocr_line' id='line_1_24' title="bbox 168 2803 1214 2867; baseline 0.001 -15"><span class='ocrx_word' id='word_1_191' title='bbox 168 2817 350 2854; x_wconf 87' lang='lat' dir='ltr'><strong>—mrserum</strong></span> <span class='ocrx_word' id='word_1_192' title='bbox 363 2811 449 2866; x_wconf 84' lang='lat' dir='ltr'><strong>atque</strong></span> <span class='ocrx_word' id='word_1_193' title='bbox 462 2803 612 2852; x_wconf 83' lang='lat' dir='ltr'><strong>acerbum</strong></span> <span class='ocrx_word' id='word_1_194' title='bbox 624 2817 668 2851; x_wconf 89' lang='lat' dir='ltr'><strong>see</strong></span> <span class='ocrx_word' id='word_1_195' title='bbox 718 2819 770 2865; x_wconf 77' lang='lat' dir='ltr'><strong>eg,</strong></span> <span class='ocrx_word' id='word_1_196' title='bbox 786 2803 868 2851; x_wconf 86' lang='lat' dir='ltr'><strong>Plaut.</strong></span> <span class='ocrx_word' id='word_1_197' title='bbox 882 2805 954 2852; x_wconf 81' lang='lat' dir='ltr'><strong>Trim</strong></span> <span class='ocrx_word' id='word_1_198' title='bbox 964 2804 1023 2864; x_wconf 76' lang='lat'><strong>4083</strong></span> <span class='ocrx_word' id='word_1_199' title='bbox 1040 2805 1078 2852; x_wconf 91' lang='lat' dir='ltr'><strong>M.</strong></span> <span class='ocrx_word' id='word_1_200' title='bbox 1094 2805 1214 2867; x_wconf 86' lang='lat' dir='ltr'><strong>G.1261;</strong></span> 
     </span>
     <span class='ocr_line' id='line_1_25' title="bbox 165 2869 1215 2934; baseline 0 -15"><span class='ocrx_word' id='word_1_201' title='bbox 165 2872 284 2934; x_wconf 83' lang='lat' dir='ltr'><strong>graviter</strong></span> <span class='ocrx_word' id='word_1_202' title='bbox 295 2872 447 2934; x_wconf 81' lang='lat' dir='ltr'><strong>molesteque,</strong></span> <span class='ocrx_word' id='word_1_203' title='bbox 461 2869 668 2918; x_wconf 76' lang='lat' dir='ltr'><strong>above—con-</strong></span> <span class='ocrx_word' id='word_1_204' title='bbox 720 2869 771 2917; x_wconf 91' lang='lat' dir='ltr'><strong>and</strong></span> <span class='ocrx_word' id='word_1_205' title='bbox 788 2869 950 2927; x_wconf 87' lang='lat' dir='ltr'><strong>Thielmann,</strong></span> <span class='ocrx_word' id='word_1_206' title='bbox 963 2873 1005 2918; x_wconf 90' lang='lat' dir='ltr'><strong>De</strong></span> <span class='ocrx_word' id='word_1_207' title='bbox 1021 2874 1145 2919; x_wconf 88' lang='lat' dir='ltr'><strong>sermonis</strong></span> <span class='ocrx_word' id='word_1_208' title='bbox 1156 2879 1215 2934; x_wconf 80' lang='lat' dir='ltr'><strong>pro</strong></span> 
     </span>
     <span class='ocr_line' id='line_1_26' title="bbox 169 2935 1214 3007; baseline 0.001 -21"><span class='ocrx_word' id='word_1_209' title='bbox 169 2937 248 2986; x_wconf 86' lang='lat' dir='ltr'><strong>fieri:</strong></span> <span class='ocrx_word' id='word_1_210' title='bbox 268 2937 407 3001; x_wconf 88' lang='lat' dir='ltr'><strong>colloquial</strong></span> <span class='ocrx_word' id='word_1_211' title='bbox 424 2937 494 2985; x_wconf 88' lang='lat' dir='ltr'><strong>from</strong></span> <span class='ocrx_word' id='word_1_212' title='bbox 510 2943 562 2986; x_wconf 86' lang='lat' dir='ltr'><strong>two</strong></span> <span class='ocrx_word' id='word_1_213' title='bbox 580 2935 667 3007; x_wconf 81' lang='lat' dir='ltr'><strong>points</strong></span> <span class='ocrx_word' id='word_1_214' title='bbox 713 2936 865 2998; x_wconf 72' lang='lat' dir='ltr'><strong>prieurtibus</strong></span> <span class='ocrx_word' id='word_1_215' title='bbox 896 2940 925 2984; x_wconf 90' lang='lat' dir='ltr'><strong>in</strong></span> <span class='ocrx_word' id='word_1_216' title='bbox 952 2940 1050 2998; x_wconf 79' lang='lat' dir='ltr'><strong>prinus</strong></span> <span class='ocrx_word' id='word_1_217' title='bbox 1087 2939 1214 2987; x_wconf 79' lang='lat' dir='ltr'><strong>Ciceronis</strong></span> 
     </span>
     <span class='ocr_line' id='line_1_27' title="bbox 169 3002 1214 3068; baseline 0 -15"><span class='ocrx_word' id='word_1_218' title='bbox 169 3004 199 3053; x_wconf 89' lang='lat' dir='ltr'><strong>of</strong></span> <span class='ocrx_word' id='word_1_219' title='bbox 225 3004 303 3052; x_wconf 87' lang='lat' dir='ltr'><strong>view:</strong></span> <span class='ocrx_word' id='word_1_220' title='bbox 327 3004 383 3068; x_wconf 85' lang='grc' dir='ltr'><strong>(Ι)</strong></span> <span class='ocrx_word' id='word_1_221' title='bbox 377 3012 397 3052; x_wconf 89' lang='grc' dir='ltr'><strong>ΙΙ</strong></span> <span class='ocrx_word' id='word_1_222' title='bbox 420 3004 442 3053; x_wconf 88' lang='lat' dir='ltr'><strong>is</strong></span> <span class='ocrx_word' id='word_1_223' title='bbox 467 3003 531 3054; x_wconf 88' lang='lat' dir='ltr'><strong>used</strong></span> <span class='ocrx_word' id='word_1_224' title='bbox 555 3002 611 3051; x_wconf 88' lang='lat' dir='ltr'><strong>for</strong></span> <span class='ocrx_word' id='word_1_225' title='bbox 622 3003 668 3052; x_wconf 88' lang='lat' dir='ltr'><strong>the</strong></span> <span class='ocrx_word' id='word_1_226' title='bbox 718 3004 850 3068; x_wconf 81' lang='lat' dir='ltr'><strong>libris‚.52</strong></span> <span class='ocrx_word' id='word_1_227' title='bbox 857 3018 1076 3068; x_wconf 81' lang='lat' dir='ltr'><strong>propinquos</strong></span> <span class='ocrx_word' id='word_1_228' title='bbox 1085 3019 1120 3055; x_wconf 85' lang='lat' dir='ltr'><strong>ac</strong></span> <span class='ocrx_word' id='word_1_229' title='bbox 1129 3005 1214 3055; x_wconf 85' lang='lat' dir='ltr'><strong>fanu</strong></span> 
     </span>
     <span class='ocr_line' id='line_1_28' title="bbox 169 3069 1213 3137; baseline 0.001 -18"><span class='ocrx_word' id='word_1_230' title='bbox 169 3071 262 3134; x_wconf 92' lang='lat' dir='ltr'><strong>s1mple</strong></span> <span class='ocrx_word' id='word_1_231' title='bbox 273 3070 335 3119; x_wconf 89' lang='lat' dir='ltr'><strong>verb</strong></span> <span class='ocrx_word' id='word_1_232' title='bbox 338 3071 411 3134; x_wconf 78' lang='lat' dir='ltr'><strong>fieri</strong></span> <span class='ocrx_word' id='word_1_233' title='bbox 448 3071 555 3128; x_wconf 88' lang='lat' dir='ltr'><strong>Lorenz,</strong></span> <span class='ocrx_word' id='word_1_234' title='bbox 567 3069 666 3118; x_wconf 87' lang='lat' dir='ltr'><strong>Introd.</strong></span> <span class='ocrx_word' id='word_1_235' title='bbox 718 3069 817 3120; x_wconf 87' lang='lat' dir='ltr'><strong>liaris:</strong></span> <span class='ocrx_word' id='word_1_236' title='bbox 847 3069 880 3118; x_wconf 84' lang='lat' dir='ltr'><strong>cf</strong></span> <span class='ocrx_word' id='word_1_237' title='bbox 911 3074 1030 3133; x_wconf 79' lang='lat' dir='ltr'><strong>graviter</strong></span> <span class='ocrx_word' id='word_1_238' title='bbox 1060 3073 1213 3137; x_wconf 82' lang='lat' dir='ltr'><strong>molesteque,</strong></span> 
     </span>
     <span class='ocr_line' id='line_1_29' title="bbox 169 3136 1214 3202; baseline 0 -15"><span class='ocrx_word' id='word_1_239' title='bbox 169 3145 197 3187; x_wconf 91' lang='lat' dir='ltr'><strong>to</strong></span> <span class='ocrx_word' id='word_1_240' title='bbox 210 3139 302 3187; x_wconf 87' lang='lat' dir='ltr'><strong>Pseud.</strong></span> <span class='ocrx_word' id='word_1_241' title='bbox 316 3152 340 3185; x_wconf 91' lang='lat' dir='ltr'><strong>n.</strong></span> <span class='ocrx_word' id='word_1_242' title='bbox 356 3136 396 3202; x_wconf 84' lang='lat'><strong>36,</strong></span> <span class='ocrx_word' id='word_1_243' title='bbox 408 3153 483 3202; x_wconf 87' lang='lat' dir='ltr'><strong>says:</strong></span> <span class='ocrx_word' id='word_1_244' title='bbox 502 3137 548 3185; x_wconf 87' lang='lat' dir='ltr'><strong>‘ln</strong></span> <span class='ocrx_word' id='word_1_245' title='bbox 563 3137 734 3200; x_wconf 87' lang='lat' dir='ltr'><strong>generala</strong></span> <span class='ocrx_word' id='word_1_246' title='bbox 717 3137 809 3186; x_wconf 88' lang='lat' dir='ltr'><strong>a.b0ve</strong></span> <span class='ocrx_word' id='word_1_247' title='bbox 856 3137 914 3186; x_wconf 91' lang='lat' dir='ltr'><strong>The</strong></span> <span class='ocrx_word' id='word_1_248' title='bbox 937 3137 1023 3187; x_wconf 88' lang='lat' dir='ltr'><strong>words</strong></span> <span class='ocrx_word' id='word_1_249' title='bbox 1040 3139 1145 3202; x_wconf 85' lang='lat' dir='ltr'><strong>quoted</strong></span> <span class='ocrx_word' id='word_1_250' title='bbox 1170 3155 1214 3188; x_wconf 92' lang='lat' dir='ltr'><strong>are</strong></span> 
     </span>
     <span class='ocr_line' id='line_1_30' title="bbox 168 3203 1214 3271; baseline 0.002 -18"><span class='ocrx_word' id='word_1_251' title='bbox 168 3204 334 3268; x_wconf 91' lang='lat' dir='ltr'><strong>compounds</strong></span> <span class='ocrx_word' id='word_1_252' title='bbox 351 3204 413 3253; x_wconf 88' lang='lat' dir='ltr'><strong>with</strong></span> <span class='ocrx_word' id='word_1_253' title='bbox 431 3220 477 3253; x_wconf 88' lang='lat' dir='ltr'><strong>con</strong></span> <span class='ocrx_word' id='word_1_254' title='bbox 496 3218 539 3252; x_wconf 88' lang='lat' dir='ltr'><strong>are</strong></span> <span class='ocrx_word' id='word_1_255' title='bbox 556 3204 667 3267; x_wconf 87' lang='lat' dir='ltr'><strong>popular</strong></span> <span class='ocrx_word' id='word_1_256' title='bbox 717 3203 846 3252; x_wconf 84' lang='lat' dir='ltr'><strong>thrown</strong></span> <span class='ocrx_word' id='word_1_257' title='bbox 839 3219 864 3252; x_wconf 90' lang='grc' dir='ltr'><strong>ΙΙΙ</strong></span> <span class='ocrx_word' id='word_1_258' title='bbox 890 3204 996 3271; x_wconf 86' lang='lat' dir='ltr'><strong>loosely,</strong></span> <span class='ocrx_word' id='word_1_259' title='bbox 1015 3220 1092 3254; x_wconf 88' lang='lat' dir='ltr'><strong>asan</strong></span> <span class='ocrx_word' id='word_1_260' title='bbox 1113 3207 1214 3269; x_wconf 90' lang='lat' dir='ltr'><strong>apposi</strong></span> 
     </span>
     <span class='ocr_line' id='line_1_31' title="bbox 168 3269 1213 3335; baseline 0.001 -15"><span class='ocrx_word' id='word_1_261' title='bbox 168 3271 332 3334; x_wconf 85' lang='lat' dir='ltr'><strong>throughout</strong></span> <span class='ocrx_word' id='word_1_262' title='bbox 345 3271 389 3320; x_wconf 87' lang='lat' dir='ltr'><strong>the</strong></span> <span class='ocrx_word' id='word_1_263' title='bbox 405 3270 449 3319; x_wconf 93' lang='lat' dir='ltr'><strong>old</strong></span> <span class='ocrx_word' id='word_1_264' title='bbox 466 3270 550 3319; x_wconf 93' lang='lat' dir='ltr'><strong>comic</strong></span> <span class='ocrx_word' id='word_1_265' title='bbox 566 3279 700 3335; x_wconf 81' lang='lat' dir='ltr'><strong>poetry,</strong></span> <span class='ocrx_word' id='word_1_266' title='bbox 717 3269 770 3319; x_wconf 90' lang='lat' dir='ltr'><strong>tive</strong></span> <span class='ocrx_word' id='word_1_267' title='bbox 789 3277 817 3318; x_wconf 81' lang='lat' dir='ltr'><strong>to</strong></span> <span class='ocrx_word' id='word_1_268' title='bbox 834 3285 916 3334; x_wconf 87' lang='lat' dir='ltr'><strong>quos.</strong></span> <span class='ocrx_word' id='word_1_269' title='bbox 926 3271 1142 3334; x_wconf 83' lang='lat' dir='ltr'><strong>-perspicias·</strong></span> <span class='ocrx_word' id='word_1_270' title='bbox 1169 3274 1213 3322; x_wconf 88' lang='lat' dir='ltr'><strong>the</strong></span> 
     </span>
     <span class='ocr_line' id='line_1_32' title="bbox 168 3337 1212 3403; baseline 0.001 -16"><span class='ocrx_word' id='word_1_271' title='bbox 168 3337 221 3388; x_wconf 89' lang='lat' dir='ltr'><strong>and</strong></span> <span class='ocrx_word' id='word_1_272' title='bbox 244 3345 315 3387; x_wconf 90' lang='lat' dir='ltr'><strong>must</strong></span> <span class='ocrx_word' id='word_1_273' title='bbox 341 3338 408 3387; x_wconf 89' lang='lat' dir='ltr'><strong>have</strong></span> <span class='ocrx_word' id='word_1_274' title='bbox 437 3337 503 3387; x_wconf 89' lang='lat' dir='ltr'><strong>been</strong></span> <span class='ocrx_word' id='word_1_275' title='bbox 526 3337 666 3402; x_wconf 86' lang='lat' dir='ltr'><strong>extremely</strong></span> <span class='ocrx_word' id='word_1_276' title='bbox 717 3337 821 3386; x_wconf 85' lang='lat' dir='ltr'><strong>mood&#39;</strong></span> <span class='ocrx_word' id='word_1_277' title='bbox 814 3353 836 3386; x_wconf 79' lang='lat' dir='ltr'><strong>is</strong></span> <span class='ocrx_word' id='word_1_278' title='bbox 854 3338 1015 3387; x_wconf 90' lang='lat' dir='ltr'><strong>determined</strong></span> <span class='ocrx_word' id='word_1_279' title='bbox 1036 3339 1068 3403; x_wconf 85' lang='lat' dir='ltr'><strong>by</strong></span> <span class='ocrx_word' id='word_1_280' title='bbox 1082 3339 1212 3388; x_wconf 82' lang='lat' dir='ltr'><strong>forsitan.</strong></span> 
     </span>
     <span class='ocr_line' id='line_1_33' title="bbox 168 3404 1213 3468; baseline 0.001 -15"><span class='ocrx_word' id='word_1_281' title='bbox 168 3420 291 3454; x_wconf 92' lang='lat' dir='ltr'><strong>common</strong></span> <span class='ocrx_word' id='word_1_282' title='bbox 303 3405 329 3453; x_wconf 88' lang='lat' dir='ltr'><strong>in</strong></span> <span class='ocrx_word' id='word_1_283' title='bbox 342 3405 387 3453; x_wconf 88' lang='lat' dir='ltr'><strong>the</strong></span> <span class='ocrx_word' id='word_1_284' title='bbox 401 3406 502 3453; x_wconf 91' lang='lat' dir='ltr'><strong>Roman</strong></span> <span class='ocrx_word' id='word_1_285' title='bbox 514 3404 604 3467; x_wconf 86' lang='lat' dir='ltr'><strong>vulgar</strong></span> <span class='ocrx_word' id='word_1_286' title='bbox 615 3404 667 3453; x_wconf 91' lang='lat' dir='ltr'><strong>lan-</strong></span> <span class='ocrx_word' id='word_1_287' title='bbox 752 3418 775 3453; x_wconf 90' lang='lat'><strong>2.</strong></span> <span class='ocrx_word' id='word_1_288' title='bbox 793 3405 859 3468; x_wconf 91' lang='lat' dir='ltr'><strong>qui:</strong></span> <span class='ocrx_word' id='word_1_289' title='bbox 877 3405 910 3452; x_wconf 90' lang='lat' dir='ltr'><strong>cf.</strong></span> <span class='ocrx_word' id='word_1_290' title='bbox 930 3405 993 3454; x_wconf 90' lang='lat' dir='ltr'><strong>Intr.</strong></span> <span class='ocrx_word' id='word_1_291' title='bbox 1005 3405 1086 3454; x_wconf 87' lang='lat'><strong>81.-</strong></span> <span class='ocrx_word' id='word_1_292' title='bbox 1054 3406 1213 3456; x_wconf 89' lang='lat' dir='ltr'><strong>m—inoris</strong></span> 
     </span>
     <span class='ocr_line' id='line_1_34' title="bbox 168 3469 1214 3537; baseline -0.001 -16"><span class='ocrx_word' id='word_1_293' title='bbox 168 3487 254 3535; x_wconf 87' lang='lat' dir='ltr'><strong>guage</strong></span> <span class='ocrx_word' id='word_1_294' title='bbox 273 3470 301 3519; x_wconf 87' lang='lat' dir='ltr'><strong>of</strong></span> <span class='ocrx_word' id='word_1_295' title='bbox 321 3471 379 3520; x_wconf 86' lang='lat' dir='ltr'><strong>that</strong></span> <span class='ocrx_word' id='word_1_296' title='bbox 397 3470 455 3537; x_wconf 87' lang='lat' dir='ltr'><strong>day.</strong></span> <span class='ocrx_word' id='word_1_297' title='bbox 491 3472 549 3520; x_wconf 87' lang='lat' dir='ltr'><strong>The</strong></span> <span class='ocrx_word' id='word_1_298' title='bbox 566 3472 620 3520; x_wconf 93' lang='lat' dir='ltr'><strong>loss</strong></span> <span class='ocrx_word' id='word_1_299' title='bbox 638 3469 668 3519; x_wconf 86' lang='lat' dir='ltr'><strong>of</strong></span> <span class='ocrx_word' id='word_1_300' title='bbox 718 3470 895 3521; x_wconf 84' lang='lat' dir='ltr'><strong>existimare:</strong></span> <span class='ocrx_word' id='word_1_301' title='bbox 918 3474 1066 3522; x_wconf 85' lang='lat' dir='ltr'><strong>existimare</strong></span> <span class='ocrx_word' id='word_1_302' title='bbox 1077 3471 1129 3531; x_wconf 88' lang='lat' dir='ltr'><strong>(for</strong></span> <span class='ocrx_word' id='word_1_303' title='bbox 1143 3477 1214 3522; x_wconf 79' lang='lat' dir='ltr'><strong>aesti-</strong></span> 
     </span>
     <span class='ocr_line' id='line_1_35' title="bbox 167 3537 1213 3602; baseline 0.001 -15"><span class='ocrx_word' id='word_1_304' title='bbox 167 3539 241 3589; x_wconf 90' lang='lat' dir='ltr'><strong>force</strong></span> <span class='ocrx_word' id='word_1_305' title='bbox 251 3538 334 3586; x_wconf 88' lang='lat' dir='ltr'><strong>which</strong></span> <span class='ocrx_word' id='word_1_306' title='bbox 344 3539 389 3587; x_wconf 86' lang='lat' dir='ltr'><strong>the</strong></span> <span class='ocrx_word' id='word_1_307' title='bbox 400 3538 562 3601; x_wconf 88' lang='lat' dir='ltr'><strong>preposition</strong></span> <span class='ocrx_word' id='word_1_308' title='bbox 572 3537 666 3587; x_wconf 84' lang='lat' dir='ltr'><strong>suffers</strong></span> <span class='ocrx_word' id='word_1_309' title='bbox 717 3539 799 3602; x_wconf 85' lang='lat' dir='ltr'><strong>mare)</strong></span> <span class='ocrx_word' id='word_1_310' title='bbox 816 3538 877 3586; x_wconf 87' lang='lat' dir='ltr'><strong>with</strong></span> <span class='ocrx_word' id='word_1_311' title='bbox 899 3538 943 3587; x_wconf 91' lang='lat' dir='ltr'><strong>the</strong></span> <span class='ocrx_word' id='word_1_312' title='bbox 963 3539 1075 3602; x_wconf 87' lang='lat' dir='ltr'><strong>genitive</strong></span> <span class='ocrx_word' id='word_1_313' title='bbox 1094 3539 1116 3588; x_wconf 92' lang='lat' dir='ltr'><strong>is</strong></span> <span class='ocrx_word' id='word_1_314' title='bbox 1137 3540 1213 3588; x_wconf 86' lang='lat' dir='ltr'><strong>collo</strong></span> 
     </span>
     <span class='ocr_line' id='line_1_36' title="bbox 167 3604 1211 3694; baseline 0.001 -41"><span class='ocrx_word' id='word_1_315' title='bbox 167 3621 194 3654; x_wconf 92' lang='lat' dir='ltr'><strong>m</strong></span> <span class='ocrx_word' id='word_1_316' title='bbox 206 3606 303 3654; x_wconf 89' lang='lat' dir='ltr'><strong>almost</strong></span> <span class='ocrx_word' id='word_1_317' title='bbox 315 3621 393 3694; x_wconf 87' lang='lat' dir='ltr'><strong>every</strong></span> <span class='ocrx_word' id='word_1_318' title='bbox 403 3620 464 3654; x_wconf 87' lang='lat' dir='ltr'><strong>case</strong></span> <span class='ocrx_word' id='word_1_319' title='bbox 476 3604 551 3653; x_wconf 92' lang='lat' dir='ltr'><strong>bears</strong></span> <span class='ocrx_word' id='word_1_320' title='bbox 563 3605 667 3653; x_wconf 82' lang='lat' dir='ltr'><strong>witness</strong></span> <span class='ocrx_word' id='word_1_321' title='bbox 718 3605 796 3668; x_wconf 89' lang='lat' dir='ltr'><strong>quial.</strong></span> <span class='ocrx_word' id='word_1_322' title='bbox 835 3604 876 3653; x_wconf 87' lang='lat' dir='ltr'><strong>Cf.</strong></span> <span class='ocrx_word' id='word_1_323' title='bbox 895 3605 978 3654; x_wconf 86' lang='lat' dir='ltr'><strong>Plaut</strong></span> <span class='ocrx_word' id='word_1_324' title='bbox 997 3607 1066 3667; x_wconf 70' lang='lat' dir='ltr'><strong>Capi.</strong></span> <span class='ocrx_word' id='word_1_325' title='bbox 1084 3605 1131 3654; x_wconf 85' lang='lat'><strong>682</strong></span> <span class='ocrx_word' id='word_1_326' title='bbox 1150 3608 1211 3655; x_wconf 88' lang='lat' dir='ltr'><strong>dum</strong></span> 
     </span>
     <span class='ocr_line' id='line_1_37' title="bbox 168 3671 1213 3738; baseline -0.001 -17"><span class='ocrx_word' id='word_1_327' title='bbox 168 3679 197 3721; x_wconf 91' lang='lat' dir='ltr'><strong>to</strong></span> <span class='ocrx_word' id='word_1_328' title='bbox 213 3672 266 3721; x_wconf 82' lang='lat' dir='ltr'><strong>this</strong></span> <span class='ocrx_word' id='word_1_329' title='bbox 277 3671 357 3720; x_wconf 85' lang='lat' dir='ltr'><strong>fact</strong></span> <span class='ocrx_word' id='word_1_330' title='bbox 351 3672 407 3735; x_wconf 78' lang='lat'><strong>(‚2)</strong></span> <span class='ocrx_word' id='word_1_331' title='bbox 419 3673 500 3738; x_wconf 66' lang='lat' dir='ltr'><strong>sorim</strong></span> <span class='ocrx_word' id='word_1_332' title='bbox 512 3671 587 3719; x_wconf 92' lang='lat' dir='ltr'><strong>when</strong></span> <span class='ocrx_word' id='word_1_333' title='bbox 600 3686 667 3720; x_wconf 90' lang='lat' dir='ltr'><strong>eom·</strong></span> <span class='ocrx_word' id='word_1_334' title='bbox 718 3687 750 3720; x_wconf 87' lang='lat' dir='ltr'><strong>ue</strong></span> <span class='ocrx_word' id='word_1_335' title='bbox 762 3671 789 3719; x_wconf 89' lang='lat' dir='ltr'><strong>ob</strong></span> <span class='ocrx_word' id='word_1_336' title='bbox 800 3673 935 3736; x_wconf 84' lang='lat' dir='ltr'><strong>malefacta</strong></span> <span class='ocrx_word' id='word_1_337' title='bbox 942 3679 1055 3734; x_wconf 81' lang='lat' dir='ltr'><strong>peream</strong></span> <span class='ocrx_word' id='word_1_338' title='bbox 1064 3675 1148 3736; x_wconf 79' lang='lat' dir='ltr'><strong>parvi</strong></span> <span class='ocrx_word' id='word_1_339' title='bbox 1162 3675 1213 3722; x_wconf 87' lang='lat' dir='ltr'><strong>exi-</strong></span> 
     </span>
     <span class='ocr_line' id='line_1_38' title="bbox 168 3708 1214 3804; baseline 0.001 -17"><span class='ocrx_word' id='word_1_340' title='bbox 168 3737 292 3802; x_wconf 92' lang='lat' dir='ltr'><strong>pounded</strong></span> <span class='ocrx_word' id='word_1_341' title='bbox 310 3708 371 3787; x_wconf 84' lang='lat' dir='ltr'><strong>witlr</strong></span> <span class='ocrx_word' id='word_1_342' title='bbox 393 3753 408 3786; x_wconf 90' lang='lat' dir='ltr'><strong>a</strong></span> <span class='ocrx_word' id='word_1_343' title='bbox 430 3737 600 3802; x_wconf 89' lang='lat' dir='ltr'><strong>preposition,</strong></span> <span class='ocrx_word' id='word_1_344' title='bbox 618 3739 667 3786; x_wconf 90' lang='lat' dir='ltr'><strong>has</strong></span> <span class='ocrx_word' id='word_1_345' title='bbox 717 3745 819 3796; x_wconf 57' lang='lat' dir='ltr'><strong>strumen·</strong></span> <span class='ocrx_word' id='word_1_346' title='bbox 841 3738 913 3787; x_wconf 89' lang='lat' dir='ltr'><strong>Suet</strong></span> <span class='ocrx_word' id='word_1_347' title='bbox 931 3740 999 3804; x_wconf 82' lang='lat' dir='ltr'><strong>Aug</strong></span> <span class='ocrx_word' id='word_1_348' title='bbox 1016 3753 1048 3799; x_wconf 86' lang='lat'><strong>40</strong></span> <span class='ocrx_word' id='word_1_349' title='bbox 1062 3742 1214 3803; x_wconf 79' lang='lat' dir='ltr'><strong>neogniexi·</strong></span> 
     </span>
     <span class='ocr_line' id='line_1_39' title="bbox 168 3803 1113 3869; baseline 0 -15"><span class='ocrx_word' id='word_1_350' title='bbox 168 3805 220 3868; x_wconf 79' lang='lat' dir='ltr'><strong>fici</strong></span> <span class='ocrx_word' id='word_1_351' title='bbox 238 3805 281 3854; x_wconf 88' lang='lat' dir='ltr'><strong>for</strong></span> <span class='ocrx_word' id='word_1_352' title='bbox 300 3804 335 3854; x_wconf 86' lang='lat' dir='ltr'><strong>its</strong></span> <span class='ocrx_word' id='word_1_353' title='bbox 354 3805 458 3869; x_wconf 81' lang='lat' dir='ltr'><strong>passive</strong></span> <span class='ocrx_word' id='word_1_354' title='bbox 477 3804 554 3853; x_wconf 84' lang='lat' dir='ltr'><strong>form</strong></span> <span class='ocrx_word' id='word_1_355' title='bbox 597 3803 666 3853; x_wconf 89' lang='lat' dir='ltr'><strong>Such</strong></span> <span class='ocrx_word' id='word_1_356' title='bbox 717 3805 834 3853; x_wconf 62' lang='lat' dir='ltr'><strong>sumans.</strong></span> <span class='ocrx_word' id='word_1_357' title='bbox 870 3804 911 3853; x_wconf 89' lang='lat' dir='ltr'><strong>Cf.</strong></span> <span class='ocrx_word' id='word_1_358' title='bbox 924 3806 980 3853; x_wconf 88' lang='lat' dir='ltr'><strong>also</strong></span> <span class='ocrx_word' id='word_1_359' title='bbox 998 3805 1060 3854; x_wconf 90' lang='lat' dir='ltr'><strong>Intr.</strong></span> <span class='ocrx_word' id='word_1_360' title='bbox 1074 3805 1113 3867; x_wconf 89' lang='lat'><strong>78.</strong></span> 
     </span>
    </p>
   </div>
   <div class='ocr_carea' id='block_1_5' title="bbox 0 0 1412 4328">
    <p class='ocr_par' dir='ltr' id='par_1_5' title="bbox 0 0 1412 4328">
     <span class='ocr_line' id='line_1_40' title="bbox 0 0 1412 4328; baseline 0 0"><span class='ocrx_word' id='word_1_361' title='bbox 0 0 1412 4328; x_wconf 95' lang='lat' dir='ltr'><strong> </strong></span> 
     </span>
    </p>
   </div>
  </div>
 </body>
</html>
