2834 4326
172 282 243 330 Fam.
257 294 280 342 7.
294 280 345 347 23.]
516 283 682 332 ClCERO’S
709 283 882 336 LETTERS.
1188 280 1217 330 n

171 449 236 513 iam
258 467 403 525 me,.non
422 449 527 513 multo
545 451 707 514 minorem
724 471 822 533 quam
844 437 1005 525 Laelium,
1016 449 1116 512 facile
1133 458 1166 512 et
1183 448 1217 512 in

171 577 207 620 re
223 578 254 640 p.
274 566 308 620 et
325 557 359 620 in
375 557 523 622 amicitia
539 559 733 622 adiunctum
752 579 826 622 esse
842 559 978 640 patiare.

526 834 586 899 IV.
623 801 725 921 (Fam.
746 849 775 916 7.
796 837 863 919 23.)

392 1008 531 1059 CICERO
556 1009 583 1058 S.
604 1010 640 1082 ¹D.
666 1012 702 1059 M.
728 1010 845 1059 FADIO
869 1010 1001 1061 GALLO·
1037 1071 1040 1074 Ι

219 1143 366 1206 Tantum
391 1145 479 1225 quod
504 1164 544 1206 ex
568 1143 727 1226 Arpinati
752 1162 907 1208 veneram
934 1165 1009 1208 cum
1035 1144 1116 1208 mihi
1141 1165 1160 1207 a
1184 1155 1217 1208 te
1238 1167 1247 1202 1

172 1250 305 1314 litterae
328 1251 481 1314 redditae·
494 1262 583 1327 sunt,
601 1253 642 1315 ab
660 1253 844 1335 eodemque
860 1253 974 1334 accepi
992 1253 1115 1316 Aviani
1131 1252 1218 1315 litte-

172 1379 236 1434 ras,
263 1358 297 1422 in
326 1359 447 1442 quibus
476 1359 539 1424 hoc
572 1360 678 1423 inerat
711 1360 991 1436 liberalissimum,
1018 1362 1153 1425 nomina
1181 1382 1217 1424 se

172 1467 348 1543 iacturum,
376 1489 451 1532 cum
483 1468 644 1545 venisset,
671 1490 736 1552 qua
768 1490 830 1552 ego
862 1470 980 1533 vellem
1014 1471 1076 1534 die.
1139 1471 1215 1544 Fac,

172 1583 306 1657 quae's0,
325 1575 383 1658 qui
400 1597 463 1658 ego
481 1597 564 1651 sum,
584 1597 658 1640 esse
676 1586 726 1641 te:
752 1588 848 1640 estne
867 1588 924 1640 aut
942 1573 990 1642 tui
1008 1578 1143 1660 pudoris
1161 1589 1217 1641 aut

172 1683 279 1747 nostri
296 1683 440 1764 primum
458 1705 574 1767 rogare
592 1687 634 1748 de
651 1686 719 1761 die,
733 1686 854 1749 deinde
874 1686 949 1768 plus
974 1707 1084 1750 annua
1107 1698 1219 1769 postu-

94 1848 110 1872 „
171 1792 263 1855 lare?
314 1791 382 1856 Sed
415 1804 539 1869 essent,
566 1793 611 1857 mi
630 1793 734 1869 Galle,
763 1796 874 1858 omnia
907 1795 1027 1871 facilia,
1054 1796 1082 1858 si
1115 1805 1147 1858 et
1180 1816 1220 1858 ea

173 1909 340 1965 mercatus
363 1921 456 1964 esses
472 1921 558 1984 quae
575 1922 638 1984 ego
655 1903 894 1979 desiderabam,
914 1915 947 1967 et
970 1905 1010 1967 ad
1035 1925 1108 1967 eam
1134 1925 1219 1967 sum-

98 2072 100 2076 ,
173 2029 259 2071 mam
292 2029 391 2091 quam
423 2009 607 2087 volueram;
640 2034 678 2076 ac
710 2022 824 2076 tamen
857 2013 922 2075 ista
954 2012 1035 2094 ipsa,
1068 2033 1153 2096 quae
1185 2023 1219 2075 te

172 2117 294 2181 emisse
319 2117 446 2193 scribis,
463 2139 541 2181 non
568 2120 675 2185 solum
701 2131 772 2185 rata
797 2121 877 2184 mihi
904 2131 1011 2197 erunt,
1034 2122 1092 2184 sed
1118 2122 1218 2184 etiam

171 2236 280 2309 grata;
314 2225 412 2309 plane
437 2227 526 2290 enim
553 2229 712 2312 intellego
737 2240 772 2293 te
796 2250 863 2293 non
889 2231 987 2293 modo
1012 2230 1133 2304 studio,
1161 2231 1218 2293 sed

724 2405 782 2448 one,
808 2390 914 2440 became
944 2390 1145 2455 comparatively
1173 2390 1220 2438 ire-

725 2458 841 2522 quentin
855 2458 1064 2520 post-Augustan
1079 2472 1163 2519 prose,
1176 2473 1219 2518 eg.

725 2529 799 2574 navis
823 2525 1013 2579 Alexandrina,
1037 2540 1101 2586 quae
1119 2530 1218 2572 tantum

723 2593 792 2655 quod
806 2591 947 2653 appulerat,
970 2590 1040 2638 Suet.
1059 2592 1124 2653 Aug.
1139 2588 1215 2651 98.-

173 2391 288 2441 Cicero's
309 2392 438 2455 meaning,
457 2394 488 2441 de
507 2394 545 2440 Re
564 2392 626 2440 Pub.
647 2405 666 2438 1.

176 2459 206 2507 18
210 2459 269 2524 suit
279 2459 347 2508 enim
361 2459 406 2507 hac
423 2461 452 2507 in
470 2460 581 2506 amicitia
594 2460 670 2522 quasi

172 2528 297 2592 quoddam
323 2527 363 2573 ius
383 2527 450 2573 inter
471 2527 535 2580 illos,
556 2534 586 2574 ut
604 2527 664 2574 mil'

172 2597 223 2642 tiae
233 2600 339 2656 propter
350 2595 471 2640 eximiam
488 2593 548 2641 bela·
556 2595 667 2656 ,glaream

173 2662 197 2710 A
193 2662 330 2724 fricanum
340 2666 370 2707 ut
377 2661 451 2708 deum
459 2661 549 2708 coleret
557 2661 669 2718 Laelius,

171 2726 242 2774 domi
251 2726 362 2775 vicissim
376 2726 503 2782 Laelium,
513 2727 582 2788 quoa
591 2731 669 2773 aetate

172 2793 331 2848 antecedebat,
352 2793 493 2841 observaret
509 2795 541 2840 in.
551 2793 668 2853 pareatis

172 2859 224 2907 laco
240 2858 525 2922 Scipia-Laelium:
541 2857 668 2906 attracted

171 2925 226 2974 into
239 2940 291 2975 acc.
303 2926 338 2991 by
350 2941 406 2976 me.

207 2993 254 3041 IV.
280 2993 371 3052 Rome,
385 2994 416 3043 62
434 3006 483 3043 ac.
520 2995 556 3043 Μ.
572 2993 668 3044 Fadius

174 3059 265 3108 Gallus
284 3074 335 3109 was
356 3076 372 3109 a
388 3061 508 3125 personal
532 3060 616 3110 friend
640 3061 669 3109 oi

161 3125 271 3184 'Cicerm
291 3134 319 3176 to
336 3127 422 3176 whom
446 3128 479 3176 he
496 3137 576 3176 wrote
594 3130 667 3177 Fam.

172 3205 194 3254 7.
216 3207 304 3257 23·²7·
349 3194 391 3243 Cf.
411 3196 484 3243 Fam.
511 3209 549 3259 13.
575 3207 605 3260 59
628 3196 666 3243 M.

171 3261 282 3308 Fadium
309 3262 383 3310 una'ce
410 3262 490 3324 diligo
517 3278 668 3324 summaque

171 3327 238 3375 mihi
254 3343 311 3376 cum
333 3343 360 3376 ea
382 3330 532 3378 consuetudo
550 3336 574 3376 et
585 3329 667 3393 sami-

170 3393 273 3442 liarr'tas
292 3401 330 3442 est
345 3401 473 3457 pervetus.
522 3396 564 3444 He
582 3409 668 3444 wasa

171 3474 231 3508 man
244 3460 273 3508 of
288 3460 386 3510 artistic
399 3460 450 3510 and
462 3461 565 3527 literary
577 3469 666 3512 tastes.

172 3525 236 3575 Like
255 3527 354 3584 Cicero,
368 3527 401 3576 he
413 3535 493 3576 wrote
505 3543 521 3576 a
532 3529 627 3593 eulogy
639 3527 669 3576 of

171 3593 247 3641 Cato.
283 3593 563 3657 cf.Ep.Lxxxl.2.

206 3673 226 3706 1.
246 3667 359 3710 tantum
371 3661 448 3724 quod
460 3679 472 3709 :¹
481 3661 628 3724 equivalent
639 3669 666 3709 to

170 3728 346 3783 commodum
376 3726 408 3776 ci.
433 3728 485 3775 aa.
512 3741 548 3792 15.
575 3741 613 3792 ¹3·
642 3740 666 3789 7.

171 3792 235 3842 This
259 3808 346 3857 usage,
364 3793 476 3857 perhaps
494 3808 511 3842 a
527 3793 666 3860 colloquial

724 2658 872 2722 Arpinati:
908 2657 999 2705 Cicero
1024 2657 1150 2706 inherited
1180 2656 1217 2712 his

722 2726 783 2773 villa
801 2733 828 2773 at
847 2724 973 2786 Arpinum
991 2723 1058 2771 from
1077 2723 1117 2772 his
1134 2723 1216 2771 father

725 2793 764 2854 (de
775 2793 833 2855 Lag.
847 2796 910 2853 Agr.
924 2805 951 2854 3..
959 2790 994 2853 8).
1025 2791 1068 2838 He
1080 2790 1133 2838 had
1145 2790 1217 2840 fitted

722 2859 742 2907 it
761 2875 795 2922 up
812 2858 837 2906 in
857 2858 985 2906 imitation
1004 2857 1032 2905 of
1051 2857 1094 2905 the
1113 2858 1173 2905 villa
1191 2857 1219 2904 ol

723 2927 827 2976 Atticus
839 2935 865 2975 at
882 2924 1218 2973 Buthrotum-Aviani:
1288 2919 1298 2938 '

721 3009 750 3042 as
769 2994 813 3043 the
833 2994 922 3058 sequel
945 2991 1038 3048 shows,
1057 2992 1148 3040 Gallus
1167 2990 1218 3038 had

721 3060 796 3112 made
817 3061 914 3110 certain
935 3058 1075 3123 purchases
1093 3057 1122 3106 oi
1143 3058 1219 3106 Avia-

720 3127 778 3177 nius
791 3127 834 3176 for
848 3127 948 3185 Cicero,
959 3125 1010 3175 and
1024 3125 1150 3174 Avianius
1159 3140 1218 3188 gen·

720 3195 824 3259 erously
835 3193 934 3243 offered
952 3202 979 3242 to
997 3193 1072 3257 delay
1084 3191 1218 3255 recording

720 3260 791 3310 them
806 3262 869 3310 until
886 3261 906 3309 it
924 3260 1020 3310 should
1037 3260 1089 3308 suit
1102 3259 1217 3308 Cicero’s

720 3327 893 3377 convenience
909 3336 937 3378 to
956 3343 1012 3393 pay.
1048 3328 1163 3376 Nomina
1174 3328 1218 3390 fa·

719 3411 772 3442 cere
794 3394 817 3444 is
834 3409 851 3442 a
870 3394 1034 3444 commercial
1058 3394 1216 3457 expression,

719 3461 840 3524 meaning
852 3469 879 3510 to
889 3469 930 3509 set
941 3461 1017 3508 down
1028 3461 1104 3510 items
1114 3461 1142 3508 of
1154 3459 1216 3509 debt

718 3527 745 3575 in
758 3543 790 3576 an
803 3536 914 3576 account
926 3527 1007 3576 book.
1016 3555 1049 3563 -
1059 3542 1160 3591 rogare
1179 3529 1215 3576 de

719 3594 765 3642 die
791 3593 832 3654 (sc.
855 3594 1010 3657 salutiom'sl:
1036 3601 1079 3642 ‘to
1103 3594 1150 3644 ask
1174 3595 1217 3643 ior

718 3659 800 3709 credit
810 3661 817 3682 '
829 3661 956 3724 (Tyrrell).
966 3688 999 3696 —
1007 3675 1114 3710 annua:
1125 3678 1157 3709 sc.
1168 3663 1214 3709 die.

717 3754 750 3762 -
759 3727 799 3776 mi
813 3727 907 3778 Galle:
927 3727 959 3777 cl.
973 3730 1011 3775 mr'
1022 3730 1152 3790 Pomponi,
1167 3729 1213 3789 Ep.

719 3794 744 3842 X
757 3809 781 3842 n.
