2834 4326
203 329 233 383 50
540 316 707 367 C1CERO·s
732 318 906 368 LETTERS.
1123 319 1186 385 [Ep.
1202 323 1253 372 XI.

200 503 255 547 me
271 494 309 547 tu
326 484 507 566 plurimum
523 484 666 548 valuisti.
713 485 780 550 Sed
798 486 879 550 haec
897 506 1019 552 coram.
1062 488 1129 552 Fac
1147 490 1252 553 modo

200 601 237 655 ut
254 593 379 656 venias.

553 701 615 766 XI.
651 701 756 788 (Fam.
779 720 828 782 14.
846 705 892 786 4.)

277 875 435 925 TVLLIVS
472 876 498 926 S.
529 876 563 924 D.
593 876 811 925 TERENTIAE
846 877 893 925 ET
928 878 1090 927 TVLLIAE
1125 879 1173 929 ET

574 975 756 1026 CICERONI
787 975 875 1027 SVIS.

169 1141 180 1177 1
247 1112 321 1194 Ego
346 1111 457 1175 minus
482 1131 583 1194 saepe
608 1111 650 1176 do
675 1112 800 1175 advos
825 1111 956 1175 litteras
980 1133 1079 1196 quam
1108 1134 1247 1196 possum

198 1228 375 1302 propterea
391 1219 480 1302 quod
497 1241 573 1284 cum
594 1219 705 1284 omnia
725 1219 806 1282 mihi
831 1230 984 1303 tempora
1008 1231 1087 1285 sunt
1112 1223 1245 1301 misera,

198 1338 271 1391 tum
287 1348 366 1391 vero
383 1348 459 1392 cum
477 1338 533 1407 aut
560 1327 669 1394 scribo
694 1330 812 1392 advos
837 1337 893 1392 aut
910 1337 1040 1393 vestras
1064 1330 1149 1413 lego,
1169 1352 1247 1395 con-

198 1439 291 1503 ficior
307 1440 453 1504 lacrimis
471 1440 518 1504 sic
535 1451 572 1503 ut
595 1440 684 1504 ferre
709 1461 777 1504 non
803 1441 938 1524 possim.
990 1441 1090 1524 Quod
1115 1441 1245 1507 utinam

198 1548 309 1611 minus
326 1548 415 1611 vitae
432 1548 544 1631 cupidi
561 1548 759 1613 fuissemus!
793 1559 884 1613 certe
901 1549 983 1613 nihil
1001 1559 1058 1614 aut
1076 1570 1143 1614 non
1163 1552 1247 1614 mul-

198 1667 271 1720 tum
288 1657 322 1719 in
338 1656 407 1720 vita
424 1657 502 1720 mali
519 1657 742 1722 vidissemus*
780 1657 881 1742 Quod
898 1658 927 1742 si
947 1678 1009 1722 nos
1033 1659 1074 1722 ad
1099 1658 1244 1742 aliquam

198 1765 338 1830 alicuius
363 1765 529 1829 commodi
555 1764 733 1849 aliquando
757 1767 964 1849 reciperandi
989 1787 1082 1849 spem
1107 1767 1246 1832 fortuna

198 1873 390 1950 reservavit,
417 1875 527 1938 minus
556 1883 608 1938 est
635 1885 781 1938 erratum
807 1896 827 1938 a
850 1875 962 1953 nobis;
995 1876 1024 1940 si
1050 1876 1131 1940 haec
1156 1877 1246 1941 mala

197 1984 262 2047 fixa
287 1992 375 2058 sunt,
402 2003 464 2066 ego
489 2003 568 2046 vero
592 1993 627 2047 te
652 2005 751 2066 quam
776 1983 929 2066 primum,
949 2004 1024 2048 mea
1046 1984 1124 2061 vita,
1143 1985 1243 2068 cupio

167 2110 171 2119 ·
197 2091 310 2154 videre
335 2101 369 2154 et
394 2091 428 2153 in
452 2100 511 2155 tuo
536 2092 711 2174 complexu
737 2093 849 2168 emori,
869 2093 1026 2175 quoniam
1051 2113 1161 2176 neque
1184 2092 1240 2170 dii,

198 2220 281 2283 quos
298 2209 335 2263 tu
353 2200 542 2264 castissime
559 2199 701 2276 coluisti,
721 2221 830 2284 neque
850 2201 1014 2276 homines,
1033 2202 1154 2285 quihus
1178 2222 1242 2286 ego

165 2341 178 2376 2
198 2329 331 2391 semper
347 2307 477 2384 servivi,
497 2309 594 2373 nobis
612 2309 753 2392 gratiam
777 2309 989 2375 rettulerunt.
1041 2311 1112 2375 Nos
1138 2311 1242 2375 Brun-

196 2451 226 2499 in
236 2445 457 2501 re'...valuisti:
470 2450 563 2500 Cicero
572 2456 692 2517 seemsto
744 2451 866 2502 alicuius
891 2486 950 2501 ...
975 2453 1140 2518 aliquando:
1164 2455 1239 2506 these

196 2516 464 2580 havecontemplated
473 2516 579 2566 suicide.
590 2517 631 2566 Cf.
639 2519 691 2566 Art.
743 2517 827 2567 words
840 2519 950 2569 indicate
959 2520 1113 2587 sufficiently
1124 2522 1239 2573 Cicero's

198 2599 218 2649 3.
232 2598 255 2645 7.
269 2598 290 2642 2,
303 2583 358 2633 first
376 2591 505 2642 sentence,
517 2583 568 2632 and
581 2586 633 2633 Att.
644 2598 666 2649 3.
677 2599 692 2648 3
743 2584 852 2649 despair.
860 2614 893 2623 -
901 2587 942 2636 dii
952 2623 959 2636 .
970 2621 977 2636 .
988 2623 994 2636 .
1005 2589 1121 2637 servivi:
1134 2604 1150 2637 a
1161 2596 1239 2638 state·

196 2653 296 2700 utinam
321 2652 396 2699 illum
420 2651 484 2699 diem
508 2652 616 2709 videam,
633 2668 689 2700 cum
742 2660 813 2702 ment
825 2654 974 2716 suggestive
986 2653 1016 2703 of
1033 2655 1077 2704 the
1095 2656 1238 2719 respective

196 2719 242 2766 tibi
257 2727 331 2781 agam
346 2719 447 2780 gratias
465 2719 534 2781 quod
548 2734 588 2766 me
605 2720 691 2767 vivere
742 2719 866 2769 attitudes
879 2721 907 2768 oi
925 2721 969 2770 the
987 2729 1038 2770 two
1051 2737 1125 2771 sexes
1140 2723 1167 2771 in
1183 2722 1240 2772 Cic-

195 2784 314 2848 coigr'sti!
336 2785 420 2832 adhuc
439 2786 540 2847 quidem
559 2786 634 2833 valde
651 2801 691 2834 me
742 2787 808 2836 ero's
821 2787 883 2836 time
897 2787 923 2836 in
942 2788 1063 2851 religious
1081 2796 1237 2838 matters.-

190 2853 463 2914 paenitct.-coram:
476 2851 508 2900 cf.
522 2851 585 2900 lntr.
598 2865 638 2917 95.
741 2868 836 2917 neque
848 2855 1000 2904 homines.
1014 2890 1020 2903 .
1035 2890 1041 2903 .
1054 2856 1236 2906 rettulerunt:

230 2919 279 2967 XI.
304 2917 476 2976 Brundisium,
500 2917 574 2982 April
599 2932 638 2982 29,
660 2919 690 2985 58
742 2920 858 2970 Cicero's
893 2920 992 2970 friends
1027 2921 1078 2981 did,
1109 2922 1236 2981 however,

196 2996 246 3033 ac.
282 2985 323 3033 On
341 2985 410 3042 suis,
423 2985 455 3033 cf.
474 2987 534 3042 suis,
548 2986 596 3049 Ep.
609 2987 689 3034 XIII.
742 2986 820 3036 stand
837 2987 871 3053 hy
882 2988 944 3046 him,
957 2987 1008 3037 and
1026 3005 1103 3054 many
1115 2989 1144 3038 of
1161 2990 1237 3039 those

195 3052 404 3115 superscription,
417 3067 441 3099 n.
742 3053 845 3104 outside
875 3056 966 3113 Rome,
992 3056 1044 3105 like
1075 3057 1183 3106 Flaccus
1211 3064 1238 3106 at

230 3131 251 3166 1.
270 3118 392 3168 litteras:
408 3120 507 3168 litterae
518 3118 645 3185 probably
655 3120 691 3168 in-
743 3120 909 3170 Brundisium
934 3120 971 3186 (2)
995 3122 1047 3170 and
1073 3123 1192 3173 Plancius
1212 3131 1239 3173 at

195 3185 293 3234 dicates
314 3185 382 3242 here,
401 3201 429 3234 as
450 3186 475 3234 in
495 3187 594 3235 several
615 3187 691 3236 other
742 3188 929 3238 Thessalonica
954 3188 1017 3253 (Art.
1040 3205 1062 3255 3.
1086 3204 1123 3251 14.
1145 3192 1179 3251 2),
1200 3207 1238 3240 as·

194 3267 326 3315 passages,
347 3267 419 3301 more
439 3252 503 3301 than
527 3268 578 3302 one
600 3254 689 3313 letter;
742 3253 823 3303 sisted
843 3255 896 3304 him
918 3263 945 3303 at
966 3256 1011 3306 the
1032 3256 1095 3320 peril
1120 3257 1149 3305 of
1171 3257 1239 3308 their

194 3318 227 3368 cf.
245 3320 346 3379 litteris,
366 3319 413 3382 Ep.
433 3320 533 3368 XC1x.
549 3333 559 3367 r
574 3335 598 3368 n.
608 3321 690 3369 —vi·
741 3320 806 3370 lives
813 3321 865 3370 and
874 3321 1000 3380 fortunes,
1009 3323 1083 3372 while
1093 3323 1133 3374 his
1140 3323 1238 3374 friends

194 3394 240 3434 tae
255 3384 361 3449 cupidi:
376 3386 468 3435 Cicero
482 3402 541 3452 may
553 3385 585 3436 be
598 3395 691 3449 regret·
742 3396 768 3437 at
783 3389 867 3437 Rome
879 3389 931 3437 and
943 3389 988 3438 the
1004 3391 1098 3454 people
1117 3390 1239 3454 through-

193 3453 250 3516 ting
262 3452 345 3502 either
356 3453 397 3502 his
409 3453 522 3502 mistake
534 3453 559 3501 in
572 3462 619 3502 not
631 3454 691 3502 hav·
742 3462 788 3503 out
809 3455 876 3520 Italy
888 3455 993 3504 worked
1011 3456 1121 3522 steadily
1138 3456 1180 3506 for
1197 3457 1237 3506 his

193 3520 238 3582 ing
260 3527 314 3568 met
337 3519 416 3569 death
434 3519 509 3569 while
533 3520 640 3584 making
657 3536 690 3569 an
742 3521 826 3570 recall.
853 3521 906 3570 For
917 3523 961 3571 the
971 3522 1023 3571 n'sk
1033 3523 1116 3572 which
1130 3525 1238 3573 Flaccus

194 3585 282 3634 armed
306 3587 446 3636 resistance
470 3595 497 3636 to
523 3586 639 3644 Clodius,
661 3603 689 3636 as
741 3603 795 3645 ran,
808 3588 1001 3650 cf.proPlanc.
1014 3602 1044 3653 97
1058 3593 1086 3639 in
1104 3591 1239 3640 hortosmc

192 3667 266 3701 some
278 3651 307 3700 οἱ
317 3653 358 3701 his
370 3653 468 3702 friends
481 3652 595 3716 advised,
609 3669 638 3701 or
649 3653 690 3702 hIs
741 3655 781 3702 M.
800 3655 884 3704 lacni
900 3657 986 3704 Flacci
1002 3658 1104 3714 contuli,
1121 3659 1165 3704 cui
1180 3673 1237 3706 cum

192 3718 284 3767 Iailure
297 3726 325 3766 to
337 3719 444 3767 commit
462 3719 570 3778 suicide;
589 3720 621 3768 cf.
632 3727 690 3781 pae-
741 3724 825 3769 omnis
853 3728 934 3769 metus
953 3723 1092 3784 publicatis
1115 3724 1235 3772 bonorum

193 3785 257 3832 nitet
271 3785 362 3842 vivere,
376 3786 424 3848 Ep.
442 3785 475 3832 X.
489 3785 688 3849 n.-aliquam
740 3787 861 3835 exsilium
886 3803 955 3836 mors
973 3795 1161 3851 proponeretur
1178 3790 1237 3838 haec
