2814 4328
134 304 211 352 Fam.
224 299 248 351 6.
261 299 301 365 6.]
486 298 653 349 CICERO’S
679 298 853 350 LETTERS.
1139 298 1187 352 201

135 490 182 534 ne
198 490 239 533 ex
257 468 388 532 eventis
405 468 534 550 fingere
550 467 690 531 viderer.
742 466 809 532 Sed
827 477 940 531 tamen
958 466 1091 551 plurimi
1108 477 1187 532 sunt

135 588 247 642 testes
273 597 327 658 me
352 586 385 640 et
409 576 516 652 initio,
544 596 587 659 ne
611 576 832 659 coniungeret
862 597 898 640 se
927 596 1003 640 cum
1033 576 1185 652 Caesare,

136 686 312 750 monuisse
331 685 524 767 Pompeium
543 694 576 747 et
594 693 721 767 postea,
741 704 784 747 ne
801 684 1011 767 seiungeret;
1032 685 1188 750 coniunc-

136 796 231 858 tione
264 793 376 876 frangi
408 801 545 856 senatus
577 812 668 875 opes,
695 792 903 856 diiunctione
935 793 1031 856 civile
1063 793 1185 857 bellum

138 903 278 968 excitari
291 902 454 965 videbam.
491 900 607 984 Atque
620 900 739 964 utebar
754 900 1014 964 familiarissime
1032 901 1184 978 Caesare,

140 1011 336 1093 Pompeium
353 1010 519 1074 faciebam
535 1009 678 1091 plurimi,
698 1009 758 1072 sed
778 1019 849 1072 erat
875 1029 986 1073 meum
1011 1011 1187 1074 consilium

139 1141 217 1184 cum
232 1118 332 1182 fidele
350 1117 519 1201 Pompeio,
538 1128 610 1180 tum
628 1117 774 1182 salutare
790 1118 932 1200 utrique.
984 1118 1079 1201 Quae
1097 1139 1187 1200 prae·
1206 1142 1220 1196 5

138 1239 233 1292 terea
257 1227 459 1310 providerim
492 1235 685 1309 praetereo;
718 1226 795 1290 nolo
824 1227 914 1289 enim
946 1227 1036 1290 hunc
1060 1228 1101 1290 de
1133 1248 1187 1291 me

139 1337 268 1420 optime
300 1336 455 1398 meritum
489 1334 679 1398 existimare
704 1355 743 1398 ea
767 1355 820 1399 me
845 1335 992 1399 suasisse
1019 1336 1185 1418 Pompeio,

138 1445 262 1528 quibus
279 1444 336 1508 ille
353 1443 382 1506 si
398 1443 575 1525 paruisset,
595 1453 685 1506 esset
708 1443 763 1507 hic
779 1443 913 1526 quidem
931 1444 1039 1507 clarus
1057 1445 1090 1507 in
1108 1454 1188 1527 toga

139 1563 174 1616 et
191 1552 358 1636 princeps,
378 1552 437 1614 sed
462 1560 574 1614 tantas
599 1571 690 1633 opes,
709 1561 850 1635 quantas
875 1572 964 1615 nunc
990 1552 1099 1628 habet,
1118 1573 1186 1616 non

139 1661 290 1724 haberet.
348 1660 506 1723 Eundum
541 1659 573 1722 in
609 1659 808 1742 Hispaniam
842 1660 967 1724 censui.
1026 1660 1125 1743 Quod
1158 1662 1186 1724 si

138 1770 291 1843 fecisset,
311 1768 408 1831 civile
428 1767 551 1831 bellum
578 1768 706 1831 nullum
732 1767 869 1830 omnino
892 1768 1024 1833 fuisset.
1075 1769 1187 1833 Ratio

139 1898 216 1940 nem
234 1877 351 1940 haberi
367 1876 518 1940 absentis
535 1896 603 1939 non
627 1885 695 1939 tam
721 1876 868 1959 pugnavi
892 1886 929 1940 ut
954 1877 1069 1940 liceret
1087 1898 1185 1960 quam

140 1995 187 2060 ut,
215 1984 373 2068 quoniam
400 1984 473 2067 ipso
498 1985 637 2048 consule
663 1994 836 2066 pugnante
862 1986 1005 2068 populus
1031 1986 1184 2062 iusserat,

139 2095 332 2158 haberetur.
383 2092 495 2176 Causa
519 2103 593 2157 orta
618 2093 698 2157 belli
727 2103 788 2157 est.
840 2093 929 2176 Quid
955 2115 1018 2176 ego
1042 2105 1186 2176 praeter·

139 2202 217 2266 misi
234 2211 293 2265 aut
310 2187 512 2264 monitorum
537 2211 593 2265 aut
611 2202 831 2285 querelarum,
850 2223 926 2266 cum
942 2203 995 2265 vel
1020 2203 1186 2286 iniquissi-

138 2331 230 2375 mam
255 2330 371 2392 pacem
401 2309 586 2374 iustissimo
614 2309 702 2374 bello
730 2310 958 2374 anteferrem?
1010 2311 1110 2375 Victa
1133 2321 1219 2376 est6

138 2418 324 2483 auctoritas
349 2437 432 2494 mea,
452 2438 519 2480 non
543 2427 612 2481 tam
637 2439 657 2481 a
681 2417 839 2500 Pompeio
867 2425 955 2506 (nam
982 2419 1009 2482 is
1034 2421 1185 2484 moveba-

138 2569 204 2634 ingl,
224 2576 360 2619 etc—ne
379 2604 386 2618 .
404 2604 411 2618 .
429 2605 434 2616 .
453 2569 637 2633 seiungeret:
691 2569 779 2618 While
788 2568 915 2632 retaining
923 2570 967 2618 the
974 2571 1104 2632 province,
1112 2572 1186 2620 Pom·

139 2637 173 2686 ci.
198 2638 302 2693 mederi,
325 2638 373 2699 Ep.
396 2636 483 2685 XLII.
503 2650 516 2684 2
535 2652 568 2693 n.,
586 2635 638 2684 and
689 2636 850 2701 peystayed,
863 2636 991 2692 however,
1003 2637 1031 2684 in
1045 2637 1186 2701 Italy-a

140 2704 259 2766 Philipp.
270 2717 292 2750 2.
304 2717 334 2763 ²4
344 2719 398 2750 mea
411 2705 458 2752 illa
470 2719 520 2751 vox
531 2710 569 2751 est
579 2711 637 2752 nota
689 2717 783 2752 course
800 2702 829 2750 oi
851 2703 937 2752 action
956 2704 999 2752 the
1017 2704 1140 2769 illegality
1158 2704 1187 2753 of

140 2772 249 2820 multis:
279 2770 410 2826 ‘Vtinam
441 2771 553 2832 Pompei,
580 2787 637 2819 cum
690 2768 772 2819 which
783 2769 836 2818 laid
848 2771 901 2818 him
914 2785 981 2832 open
992 2777 1019 2818 to
1030 2770 1073 2818 the
1084 2771 1185 2821 attacks

143 2840 253 2887 Caesare
273 2839 410 2886 societatem
431 2844 478 2884 aut
495 2853 637 2901 numquam
691 2836 720 2884 of
737 2837 781 2885 the
794 2837 963 2896 Caesarians;
981 2836 1032 2885 and
1046 2837 1146 2895 Cicero,
1159 2838 1184 2886 in

139 2907 228 2954 coisses
248 2910 295 2951 aut
316 2919 458 2966 numquam
480 2903 639 2952 diremisses.’
691 2902 811 2966 advising
829 2904 885 2952 that
907 2905 1021 2968 Pompey
1038 2903 1134 2953 should
1151 2920 1185 2967 go

139 2969 358 3032 -Pompeium
377 3004 383 3018 .
402 3004 409 3018 .
427 3002 434 3017 .
452 2970 586 3033 plurimi:
605 2969 638 3019 cf.
692 2977 719 3018 to
733 2971 821 3033 Spain,
835 2970 921 3019 would
936 2970 1002 3019 have
1020 2970 1086 3018 been
1099 2972 1186 3034 acting

140 3039 194 3085 Art.
208 3036 232 3085 8.
246 3051 268 3084 2.
281 3052 296 3097 4
311 3037 421 3100 (written
440 3036 466 3084 in
479 3051 512 3099 49
525 3038 585 3093 uc.)
598 3051 640 3100 ego
691 3037 718 3085 in
731 3038 775 3086 the
787 3037 909 3086 interests
921 3037 950 3085 of
962 3038 1094 3101 harmony.
1130 3039 1185 3087 Cic·

141 3112 195 3167 pra
218 3104 339 3167 Pompeio
358 3104 465 3152 libenter
486 3106 567 3152 emori
584 3111 640 3165 pos·
691 3119 736 3152 ero
748 3103 874 3169 probably
886 3119 951 3166 gave
964 3104 1008 3152 the
1020 3103 1111 3153 advice
1122 3105 1185 3154 indi-

139 3185 220 3227 sum;
236 3170 308 3233 facio
320 3171 409 3233 pluris
427 3171 541 3218 omnnem
560 3171 639 3219 laomi-
690 3170 766 3219 cated
778 3170 871 3232 during
883 3171 927 3219 the
940 3172 1054 3233 meeting
1065 3171 1094 3218 of
1112 3173 1186 3220 Pom-

140 3251 204 3285 num
219 3238 353 3285 neminem.
689 3237 780 3300 peians
799 3246 826 3286 at
848 3238 946 3300 Capua,
965 3253 997 3286 on
1019 3237 1076 3296 Jan.
1097 3252 1109 3286 2
1114 3251 1135 3303 5,
1153 3252 1186 3302 49

177 3316 199 3368 5.
226 3304 321 3353 hunc:
350 3306 388 3352 ie.
413 3303 637 3353 Caesae—ille:
691 3315 752 3362 13.c.;
771 3303 802 3352 cf.
815 3305 889 3354 Fam.
906 3304 942 3352 16.
964 3317 1000 3351 12.
1020 3319 1034 3368 3
1053 3304 1114 3353 with
1132 3307 1184 3353 Ate.

139 3373 178 3419 ie.
202 3371 504 3435 Pompey—eundum
528 3371 557 3420 in
583 3370 639 3419 Hi·
690 3383 766 3434 7.15.
784 3384 815 3432 2;
833 3371 866 3419 cf.
885 3371 940 3419 also
953 3372 1003 3418 Au.
1023 3385 1045 3432 7.
1066 3385 1103 3432 14.
1125 3386 1186 3419 1.—

141 3437 277 3500 speniam
290 3437 406 3486 censui:
419 3438 463 3486 the
475 3439 598 3500 province
610 3437 639 3485 of
690 3437 831 3487 rationem
844 3438 974 3486 absentis
988 3454 993 3485 :
1012 3437 1057 3486 the
1072 3438 1139 3501 right
1157 3438 1187 3487 of

142 3504 231 3567 Spain,
242 3503 325 3553 which
336 3506 451 3569 Pompey
460 3503 512 3551 had
522 3503 639 3554 received
690 3504 768 3568 suing
793 3504 835 3553 for
864 3505 909 3553 the
938 3505 1088 3567 consulship
1111 3505 1186 3555 while

141 3579 169 3618 at
182 3570 227 3619 the
239 3571 311 3620 close
322 3569 352 3619 of
369 3571 410 3620 his
424 3570 522 3619 second
540 3571 639 3619 consul·
690 3570 783 3620 absent
806 3571 874 3619 from
899 3571 943 3620 the
966 3571 1025 3636 city.
1065 3572 1114 3621 See
1137 3573 1185 3636 Ep.

141 3637 209 3701 ship,
227 3637 252 3685 in
279 3650 309 3703 55
333 3649 392 3695 ee..
410 3637 453 3685 for
470 3652 485 3684 a
502 3637 593 3700 period
611 3636 640 3685 of
691 3636 963 3697 XLll.introd.note;
976 3639 1033 3687 also
1043 3639 1186 3688 ntabsentis

141 3703 192 3753 five
205 3719 289 3769 years,
304 3720 356 3752 was
369 3703 478 3766 granted
491 3712 519 3752 to
532 3704 585 3752 him
597 3703 639 3752 for
689 3704 906 3762 renouarentur,
917 3705 964 3767 Ep.
975 3705 1057 3753 XLV.
1068 3719 1082 3770 3
1092 3704 1187 3763 n.,and

141 3770 193 3819 five
211 3786 285 3834 years
303 3772 395 3834 longer
412 3778 439 3819 at
457 3770 502 3819 the
522 3771 592 3820 close
610 3769 640 3818 of
691 3771 754 3818 intr.
779 3771 940 3835 21.—ipso
967 3772 1085 3822 consule
1113 3787 1187 3837 pug-

142 3837 183 3886 his
207 3836 276 3886 third
299 3837 460 3900 consulship,
480 3837 507 3885 in
533 3851 562 3902 5²
588 3849 637 3886 mc.
689 3844 794 3886 nante:
812 3855 844 3885 sc.
860 3839 982 3903 Pompey.
