2814 4328
146 283 324 350 Fam.11.1.]
492 283 660 333 CICERO’S
685 283 857 332 LETTERS.
1147 283 1198 334 249

145 455 182 517 in
207 455 291 517 urbe
315 472 391 516 esse
415 472 617 535 quemquam
644 461 817 529 nostrum;
844 453 927 515 adeo
953 471 1028 515 esse
1052 451 1195 536 militum

146 563 337 626 concitatos
367 561 496 624 animos
525 570 559 624 et
592 560 708 643 plebis.
775 560 875 643 Quod
908 570 1087 643 utrumque
1120 580 1195 624 esse

144 671 270 734 falsum
288 680 370 753 puto
387 690 446 733 vos
471 669 744 745 animadvertere,
764 679 865 751 atque
890 665 971 732 illud
989 689 1063 734 esse
1079 689 1195 733 verum

145 781 237 863 quod
256 779 390 842 Hirtius
407 779 669 854 demonstrabat,
684 777 804 842 timere
821 799 897 841 eum
914 798 967 854 ne,
982 778 1011 842 si
1027 779 1195 842 mediocre

145 888 307 952 auxilium
330 887 504 970 dignitatis
526 896 661 951 nostrae
685 887 928 962 habuissemus,
947 887 1057 951 nullae
1081 897 1195 970 partes
1248 955 1251 959 ,

145 997 199 1061 his
232 996 267 1059 in
301 1016 335 1061 re
367 1017 398 1078 p.
434 995 710 1078 relinquerentur.
761 995 845 1059 Cum
879 995 913 1058 in
945 997 997 1060 his
1029 996 1227 1078 angustiisz

145 1126 307 1181 versarer,
334 1104 493 1188 placitum
518 1113 570 1167 est
594 1104 675 1167 mihi
705 1114 743 1167 ut
759 1104 962 1187 postularem
992 1105 1193 1187 legationem

145 1214 285 1278 liberam
303 1213 386 1276 mihi
408 1212 609 1295 reliquisque
635 1213 767 1288 nostris,
795 1222 831 1277 ut
849 1213 959 1295 aliqua
975 1234 1075 1277 causa
1098 1215 1194 1295 proli-
1266 1217 1269 1224 '

146 1321 295 1386 ciscendi
321 1321 466 1385 honesta
482 1331 708 1403 quaereretur.
758 1321 854 1386 Haec
879 1342 915 1385 se
938 1322 1192 1404 impetraturum

145 1430 317 1514 pollicitus
339 1438 401 1505 est,
420 1450 482 1493 nec
506 1439 620 1493 tamen
645 1429 899 1512 impetraturum
925 1431 1075 1508 confido;
1100 1440 1194 1495 tanta

145 1549 197 1604 est
225 1538 399 1602 hominum
428 1537 609 1602 insolentia
640 1548 674 1601 et
703 1538 1031 1630 nostri-insectatio.
1079 1539 1133 1604 Ac
1165 1540 1194 1603 si

145 1647 300 1712 dederint
318 1648 407 1730 quod
423 1648 580 1729 petimus,
599 1656 711 1710 tamen
735 1647 834 1729 paulo
850 1657 926 1730 post
943 1648 1093 1712 futurum
1111 1658 1193 1731 puto

145 1766 182 1819 ut
200 1756 318 1819 hostes
335 1755 519 1819 iudicemur
535 1765 592 1819 aut
610 1776 695 1838 aqua
711 1765 746 1819 et
763 1755 832 1838 igni
849 1756 945 1819 nobis
963 1756 1190 1821 interdicatur.

146 1864 258 1947 ‘Quid
287 1884 368 1946 ergo
397 1861 469 1939 est,'
495 1864 615 1946 inquis,
644 1863 712 1927 ‘tui
744 1863 904 1927 consili?’
967 1866 1107 1928 Dandus
1140 1875 1225 1942 est3

144 1971 238 2036 locus
263 1972 440 2036 fortunae:
465 1973 651 2036 cedendum
676 1993 717 2036 ex
743 1973 849 2047 Italia,
868 1973 1077 2055 migrandum
1103 1974 1193 2037 Rho

142 2083 223 2146 dum
249 2090 307 2144 aut
338 2081 449 2163 aliquo
481 2091 645 2145 terrarum
676 2082 826 2145 arbitror.
877 2081 915 2146 Si
946 2082 1063 2145 melior
1095 2104 1191 2147 casus

140 2189 257 2265 fuerit,
278 2199 485 2253 revertemur
496 2191 638 2253 Romam
651 2211 659 2267 ;
683 2189 712 2252 si
728 2189 915 2266 mediocris,
928 2190 962 2252 in
977 2190 1090 2254 exsilio
1106 2191 1192 2255 vive-

142 2318 240 2375 mus;
268 2297 296 2362 si
321 2297 496 2380 pessimus,
523 2299 564 2362 ad
589 2299 769 2362 novissima
793 2298 912 2362 auxilia
935 2299 1188 2365 descendemus.

143 2456 236 2522 hythe
248 2463 338 2505 senate
354 2457 418 2504 Mar.
434 2455 586 2505 18.—his:
603 2458 641 2506 tle.
694 2463 752 2504 tant
772 2456 892 2505 instance
916 2456 945 2505 of
964 2457 1009 2505 the
1030 2472 1077 2506 use
1097 2456 1126 2505 of
1146 2457 1191 2507 the

143 2525 255 2587 Antony
268 2522 319 2570 and
332 2523 372 2571 his
383 2522 522 2571 followers.
694 2522 773 2570 word.
810 2522 849 2571 Cf.
870 2523 932 2572 latr.
952 2536 990 2587 75.
999 2551 1033 2559 —
1042 2524 1189 2574 dederint:

180 2604 202 2638 2.
221 2590 360 2654 placitum
374 2597 429 2638 est:
443 2588 475 2636 cf.
488 2591 585 2638 la'cz'tum
598 2596 640 2648 est,
694 2590 727 2638 cf:
740 2591 867 2646 dimisero,
881 2591 928 2652 Ep.
943 2590 1001 2638 XV.
1015 2604 1029 2638 2
1042 2605 1190 2654 n.—aqua

144 2658 193 2719 Ep.
205 2657 317 2705 LXXV.
328 2670 343 2720 3
356 2672 380 2704 n.
413 2657 437 2704 A
450 2655 588 2705 confusion
601 2656 643 2705 be·
695 2691 701 2704 .
722 2691 728 2704 .
748 2692 754 2704 .
775 2657 976 2705 interdicatur:
997 2657 1042 2706 the
1063 2658 1190 2707 technical

143 2732 229 2773 tween
259 2723 303 2771 the
332 2723 415 2771 active
451 2723 504 2771 and
538 2723 642 2786 passive
693 2723 787 2785 phrase
799 2723 841 2770 for
853 2723 1028 2772 banishment.

141 2791 226 2840 forms
238 2790 261 2839 is
274 2789 421 2838 noticeable
439 2789 464 2837 in
483 2790 552 2855 early
565 2790 641 2838 Latin
727 2804 750 2854 3.
766 2790 862 2852 aliquo
874 2797 1028 2839 terrarum:
1041 2791 1073 2840 cf.
1083 2807 1133 2854 quo
1144 2799 1190 2840 ter-

142 2857 196 2906 and
226 2857 253 2905 in
277 2856 417 2920 colloquial
447 2857 525 2904 Latin
549 2856 578 2904 of
607 2857 641 2905 all
693 2873 793 2920 rarupn,
818 2856 873 2904 Liv.
898 2871 936 2920 39.
962 2870 1015 2921 54.;
1044 2859 1088 2906 ubi
1111 2865 1190 2907 terra-

142 2921 642 2988 periods;see,c.g.,Guericke,deLin-
693 2940 761 2981 rum,
789 2923 842 2971 Cic.
870 2925 922 2972 Att.
954 2936 974 2990 5.
1001 2937 1039 2972 10.
1062 2939 1085 2985 4.
1131 2926 1189 2975 The

139 3008 207 3056 guae
229 2991 349 3054 Vulgari
366 2991 494 3053 Reliquiis
510 2992 582 3052 apud
597 2992 641 3038 Pe·
692 2990 804 3053 limiting
826 2990 939 3053 genitive
957 2991 978 3039 is
995 2992 1109 3040 unusual
1126 2993 1188 3041 with

141 3059 267 3115 tranium,
280 3064 337 3116 etc,
350 3072 389 3122 49,
408 3056 460 3105 and
480 3057 594 3114 Rdnsch,
608 3059 639 3105 lt.
692 3059 793 3121 aliqum
817 3057 850 3105 cl.
870 3057 923 3105 Cic.
941 3059 970 3104 in
994 3060 1046 3106 Cat.
1068 3072 1088 3106 1.
1110 3072 1190 3120 17.-

142 3143 168 3174 u.
185 3124 354 3190 Vulg.297ff.
381 3125 430 3174 See
442 3125 498 3172 also
511 3124 556 3172 the
565 3132 641 3173 state
692 3126 729 3173 ad
758 3125 918 3174 novissima
946 3125 1070 3174 auxilia:
1098 3127 1135 3173 ie.
1160 3134 1188 3175 to

141 3201 215 3242 ment
236 3192 298 3240 with
322 3192 452 3241 reference
471 3199 499 3240 to
518 3191 562 3240 the
582 3207 641 3240 con·
692 3192 781 3240 armed
800 3189 948 3250 res'istance,
961 3206 989 3239 as
1008 3192 1137 3242 indicated
1154 3193 1189 3258 by

141 3260 272 3309 servative
303 3261 414 3308 element
443 3259 469 3307 in
499 3259 639 3323 colloquial
693 3259 737 3307 the
761 3259 890 3308 reference
914 3266 942 3307 to
968 3259 1026 3307 Sex.
1049 3260 1187 3322 Pompeius

142 3328 229 3383 Latin,
243 3326 307 3375 lntr.
320 3340 359 3388 70.
392 3327 424 3374 In
436 3326 549 3388 general,
563 3326 641 3375 collo-
692 3325 743 3374 and
755 3327 853 3374 Bassus
862 3327 989 3375 Caecilius
998 3325 1188 3376 belona—no-

141 3393 213 3458 quial
234 3393 310 3442 Latin
328 3394 351 3441 is
362 3392 553 3455 distinguished
571 3392 639 3441 from
691 3393 829 3441 vissima:
864 3395 901 3441 i.e.
925 3401 1047 3451 extrema,
1071 3408 1087 3441 a
1111 3394 1187 3442 collo-

140 3461 237 3509 formal
257 3460 334 3508 Latin
352 3459 386 3524 by
400 3475 416 3508 a
430 3460 481 3508 less
500 3459 592 3522 degree
611 3459 640 3507 of
691 3460 760 3523 quial
777 3475 857 3522 usage
876 3460 979 3508 noticed
998 3460 1032 3526 by
1045 3461 1128 3508 Varro
1148 3462 1189 3523 (de

141 3527 215 3591 fixity
232 3527 258 3575 in
277 3527 322 3576 the
340 3534 435 3575 matter
451 3527 480 3574 oi
499 3526 567 3574 form
586 3525 639 3574 and
691 3527 766 3588 Ling.
785 3528 842 3575 Lat.
863 3526 886 3597 ⁶:
908 3527 958 3592 59),
978 3527 1029 3577 and
1050 3528 1186 3592 employed

140 3593 639 3657 construction—legationemlibe·
690 3592 725 3657 by
746 3593 837 3641 Cicero
860 3594 887 3640 in
904 3596 961 3641 'one
985 3593 1014 3641 oi
1038 3593 1078 3642 his
1097 3595 1188 3643 earlier

141 3675 224 3709 ram:
253 3659 286 3708 cf.
310 3662 393 3724 legati,
417 3661 465 3723 Ep.
491 3661 510 3707 Ι.
533 3674 547 3708 2
569 3675 593 3707 n.
607 3688 640 3696 —
691 3660 809 3707 orations
826 3660 889 3722 (pro
902 3662 973 3708 Rosc.
995 3662 1062 3708 Com.
1076 3660 1128 3724 30),
1141 3660 1187 3709 but

141 3727 288 3790 pollicitus
307 3735 366 3775 est:
383 3743 416 3775 sc.
435 3725 639 3775 Hirtius-in·
690 3726 828 3774 otherwise
857 3724 968 3775 avoided
997 3725 1030 3790 by
1059 3726 1112 3774 him
1143 3728 1186 3792 (cf.

141 3794 281 3844 sectatio:
298 3793 453 3860 apparently
465 3793 509 3842 the
527 3792 583 3842 first
598 3807 638 3840 ex·
691 3793 757 3841 Gell.
784 3806 821 3840 10.
846 3806 884 3841 21.
911 3792 978 3857 ri.);
1001 3793 1035 3841 cf.
1054 3795 1188 3843 novissime
