2814 4328
137 298 217 348 Fam.
228 295 253 345 8.
270 294 321 360 16.]
491 291 658 342 CICERO'S
684 291 858 342 LETTERS.
1142 287 1190 344 173

140 463 345 547 persuadere
370 482 438 524 non
462 481 608 544 possum,
627 460 746 523 saltem
763 459 841 522 dum
858 457 936 542 quid
953 459 996 523 de
1014 458 1189 542 Hispaniis

139 593 281 656 agamus
298 571 404 634 scitur
419 577 576 653 exspecta
583 589 591 645 ;
615 589 696 652 quas
720 567 921 658 tibinuntio
941 568 1087 632 adventu
1108 568 1187 632 Cae·

141 680 225 744 saris
251 680 325 743 fore
351 686 492 742 nostras.
544 676 653 760 Quam
680 676 736 740 isti
762 696 856 759 spem
884 677 1029 740 habeant
1057 676 1188 740 amissis

143 787 320 871 Hispaniis
345 787 480 864 nescio;
513 785 602 869 quod
632 805 731 870 porro
759 794 853 848 tuum
878 784 1053 848 consilium
1079 785 1122 848 sit
1146 786 1188 849 ad

140 899 337 979 desperatos
354 896 522 971 accedere,
542 915 610 958 non
631 894 761 958 medius
786 892 884 956 fidius
909 893 1047 976 reperio.
1099 894 1186 971 Hoc,
1205 917 1221 964 4

140 1006 228 1089 quod
247 1015 285 1068 tu
306 1024 375 1068 non
392 1004 534 1068 dicendo
558 1003 640 1066 mihi
665 1002 872 1086 significasti,
892 1001 1016 1065 Caesar
1039 1003 1187 1066 audierat

140 1135 179 1178 ac
212 1113 413 1196 simulatque
440 1110 575 1175 ‘Have'
592 1111 684 1175 'mihi
715 1111 807 1186 dixit,
834 1111 948 1174 statim
976 1112 1055 1194 quid
1083 1112 1124 1174 de
1152 1120 1188 1176 te

140 1222 290 1286 audisset
307 1221 471 1304 exposuit.
522 1220 653 1303 Negavi
673 1239 728 1284 me
748 1219 842 1294 scire,
862 1220 920 1282 sed
944 1229 1057 1283 tamen
1081 1222 1123 1284 ab
1148 1241 1188 1285 eo
1212 1272 1214 1278 .

140 1330 224 1413 petii
241 1339 278 1393 ut
296 1329 337 1393 ad
354 1339 388 1392 te
405 1329 534 1392 litteras
552 1328 701 1392 mitteret
718 1327 837 1411 quibus
853 1327 995 1391 maxime
1020 1321 1062 1391 ad
1085 1349 1187 1392 rema-

141 1439 290 1502 nendum
307 1437 507 1502 commoveri
530 1456 656 1520 posses.
707 1437 765 1500 Me
789 1456 902 1500 secum
927 1436 960 1498 in
987 1436 1186 1519 Hispaniam

141 1548 234 1611 ducit
242 1568 250 1623 ;
276 1567 362 1622 nam,
378 1546 442 1609 nisi
461 1546 507 1610 ita
525 1546 662 1619 faceret,
682 1565 744 1628 ego
767 1545 858 1627 prius
882 1565 980 1628 quam
1004 1546 1046 1608 ad
1070 1547 1186 1609 urbem

140 1649 347 1724 accederem,
365 1647 566 1730 ubicumque
583 1667 684 1722 esses,
703 1648 744 1710 ad
760 1656 795 1710 te
812 1646 1049 1729 percurrissem
1067 1656 1101 1710 et
1122 1647 1186 1712 hoc

139 1773 159 1815 a
184 1759 219 1813 te
244 1769 403 1832 praesens
428 1749 677 1813 contendissem
705 1758 805 1832 atque
833 1748 925 1811 omni
948 1748 980 1810 vi
1005 1758 1040 1812 te
1064 1749 1186 1813 retinu-

139 1860 253 1923 issem.
303 1859 415 1930 Etiam
438 1867 538 1941 atque
560 1857 670 1933 etiarn,
690 1857 818 1932 Cicer0,
837 1857 948 1939 cogita
972 1877 1015 1920 ne
1039 1867 1073 1920 te
1098 1867 1186 1921 tuos·
1206 1880 1220 1932 5

139 1987 206 2052 que
229 1967 339 2031 omnis
362 1966 514 2030 funditus
539 1975 678 2041 evertas,
706 1986 749 2028 ne
774 1974 808 2028 te
833 1965 943 2030 sciens
975 1966 1186 2050 prudensque

139 2096 182 2140 eo
207 2075 366 2138 demittas
398 2075 487 2138 unde
515 2073 641 2138 exitum
665 2074 758 2138 vides
787 2074 913 2137 nullum
943 2094 1025 2138 esse.
1086 2075 1186 2158 Quod

139 2185 228 2248 site
253 2193 310 2247 aut
335 2203 436 2248 voces
461 2182 671 2265 optimatium
696 2191 910 2262 commovent
933 2191 989 2245 aut
1015 2183 1186 2246 nonnullo-

138 2314 214 2378 rum
246 2291 417 2355 hominum
447 2291 659 2355 insolentiam
691 2300 725 2354 et
757 2290 970 2355 iactationem
1002 2291 1090 2354 ferre
1117 2313 1185 2355 non

139 2410 247 2484 potes,
269 2401 374 2484 eligas
399 2420 521 2465 censeo
546 2400 678 2482 aliquod
703 2400 861 2482 oppidum
878 2421 1019 2464 vacuum
1044 2420 1063 2463 a
1087 2401 1184 2476 bello,

138 2510 219 2573 dum
236 2510 321 2573 haec·
338 2510 565 2573 decernuntur
580 2529 664 2591 quae
681 2507 746 2590 iarn
764 2518 861 2571 erunt
878 2509 1042 2573 confecta.
1094 2509 1132 2572 Id
1157 2509 1186 2572 si
1238 2515 1239 2520 ’

138 2618 271 2693 feceris
284 2626 318 2681 et
333 2638 395 2700 ego
408 2626 443 2681 te
460 2617 631 2699 sapienter
646 2616 938 2682 fecisseiudicabo
955 2626 988 2680 et
1008 2617 1184 2681 Caesarem

138 2746 208 2789 non
225 2726 388 2790 offendes.

174 2891 197 2942 3.
214 2877 250 2926 de
270 2876 441 2940 HispaniIs:
466 2877 564 2926 Caesar
584 2876 636 2926 had
688 2876 857 2927 -litteras:
875 2876 1002 2943 probably
1013 2879 1066 2926 Art.
1082 2891 1118 2926 10.
1131 2877 1146 2926 8
1160 2890 1185 2926 B.

138 2951 180 2994 set
192 2952 239 2993 out
250 2943 293 2992 for
307 2944 386 3007 Spain
398 2943 424 2992 in
438 2943 482 2992 the
498 2944 568 3009 early
579 2951 637 3008 part
688 2944 956 2993 —contendissemz
969 2944 1030 2994 here
1043 2945 1184 2994 transitive.
1252 2951 1259 2956 “

30 3051 36 3062 .
138 3011 169 3060 of
196 3011 395 3074 April-isti:
423 3012 460 3059 i.e.
485 3010 530 3059 the
560 3012 637 3059 Porn-
690 3009 731 3059 CI.
746 3012 808 3059 Intr.
821 3011 853 3075 83
865 3028 888 3058 a.

138 3077 437 3142 miens-accedere:
450 3077 476 3124 in
486 3077 636 3140 apposition
724 3090 745 3142 5.
770 3078 866 3126 sciens
890 3077 1094 3142 prudensque:
1124 3078 1184 3128 ‘the

139 3157 168 3193 to
179 3151 263 3194 tuum
276 3143 437 3193 consilium.
462 3144 486 3190 A
500 3158 571 3192 more
583 3159 636 3206 reg·
688 3143 832 3207 proverbial
856 3145 1006 3207 expression
1026 3148 1107 3194 sciens
1120 3153 1185 3208 pru-

138 3212 196 3260 ular
218 3211 395 3259 construction
415 3209 500 3258 would
523 3209 556 3259 be
573 3227 637 3260 acce·
688 3211 804 3274 densque,
817 3227 847 3260 or
856 3213 975 3275 prudens
991 3219 1017 3261 et
1031 3214 1119 3271 sciens,
1133 3228 1184 3262 was

137 3277 391 3327 denda-medius
409 3277 511 3326 fietus:
535 3277 567 3326 cf.
587 3278 635 3340 Ep.
689 3277 752 3326 used
777 3277 806 3326 of
834 3293 885 3327 one
911 3277 969 3326 who
994 3278 1069 3327 takes
1093 3294 1126 3326 an
1149 3279 1185 3328 ill·

139 3345 231 3393 XVII.
246 3358 259 3392 2
272 3359 297 3392 n.
688 3343 795 3393 advised
808 3359 900 3394 course
909 3345 970 3394 with
981 3346 1021 3395 his
1034 3361 1092 3410 eyes
1103 3346 1184 3409 open’

172 3424 196 3471 4.
225 3411 367 3460 dicendo:
398 3409 442 3459 the
466 3410 515 3459 abl.
540 3410 569 3458 of
592 3409 636 3458 the
689 3410 1182 3475 (Landgraf,3r8l.-autvoces,eto:

137 3477 238 3540 gerund
255 3477 397 3540 indicating
413 3492 521 3525 manner
537 3477 559 3526 is
580 3492 635 3526 rare
687 3479 724 3525 rie.
732 3477 940 3540 thereproaches
948 3478 976 3526 οἱ
984 3479 1029 3527 the
1037 3479 1184 3542 Optimates

138 3543 230 3593 before
244 3544 330 3610 Livy’s
342 3543 412 3593 time.
444 3543 494 3602 Cf,
507 3543 635 3599 however,
688 3558 722 3591 on
740 3543 785 3592 the
803 3559 853 3592 one
871 3543 949 3602 hand,
962 3560 993 3593 or
1010 3545 1054 3594 tbe
1071 3545 1184 3595 insolent

138 3611 231 3660 bellum
244 3611 400 3658 ambulando
409 3611 576 3674 confecerunt,
587 3611 635 3673 Ep.
688 3608 829 3659 demeanor
850 3610 879 3658 of
901 3610 946 3660 the
971 3611 1125 3662 Caesarians
1150 3627 1184 3661 on

139 3677 269 3726 XLVIII.
298 3689 319 3734 1,
342 3676 399 3726 also
427 3676 496 3724 from
522 3676 635 3726 Caelius.
688 3675 733 3726 the
750 3675 833 3727 other.
