2814 4328
226 266 276 318 218
565 268 733 320 CICERO'S
758 267 931 319 LETTERS.
1080 265 1143 334 [Ep.
1157 266 1278 318 Lxxu

119 427 126 439 ⁶
224 443 261 499 te
281 433 316 498 id
340 455 439 518 spero
446 457 455 512 ;
479 435 549 499 scio
573 435 663 498 enim
689 435 806 500 solere.
857 434 924 499 Sed
949 444 1061 498 tamen
1087 433 1278 499 Caerelliae

225 553 459 625 procuratores
476 543 684 626 scripserunt
700 552 735 607 te
752 552 889 626 propter
908 543 1176 625 magnitudinem
1202 563 1277 625 pro-

224 650 354 714 vinciae
371 651 689 734 multitudinemque
706 651 917 741 negotiorum
935 651 1036 714 etiam
1050 660 1153 733 atque
1170 651 1276 715 etiam

193 783 208 818 2
225 779 302 822 esse
317 759 694 824 commonefaciendum.
745 759 827 822 Peto
849 759 953 842 igitur
972 767 1010 822 ut
1027 759 1221 823 memineris
1240 769 1277 824 te

224 867 336 930 omnia
348 889 433 950 quae
446 877 504 931 tua
519 867 602 931 fides
619 876 792 950 pateretur
808 867 890 930 mihi
906 866 1074 932 cumulate
1090 866 1274 949 recepisse.

226 976 392 1058 Equidem
409 976 564 1039 existimo
581 976 705 1040 habere
721 985 756 1039 te
774 989 928 1059 magnam
944 975 1142 1040 facultatem
1155 976 1276 1040 -sed

225 1085 288 1148 hoc
304 1083 355 1146 tui
371 1093 423 1147 est
440 1084 560 1147 consili
576 1093 610 1146 et
628 1083 837 1148 iudici—ex
853 1103 893 1147 eo
913 1104 939 1148 s.
957 1105 986 1149 c.
1003 1084 1093 1166 quod
1119 1083 1153 1146 in
1179 1083 1277 1148 here·

224 1193 285 1255 des
302 1190 339 1255 C.
354 1193 513 1256 Vennoni
529 1192 657 1257 iactum
674 1201 736 1267 est,
753 1191 936 1256 Caerelliae
953 1192 1197 1256 commodandi.
1233 1193 1276 1256 Id

225 1309 364 1363 senatus
380 1300 571 1363 consultum
588 1309 626 1362 tu
644 1300 908 1382 interpretabere
932 1320 992 1381 pro
1013 1309 1073 1362 tua
1089 1299 1277 1382 sapientia;

226 1408 295 1472 scio
323 1409 412 1471 enim
440 1407 513 1471 eius
541 1409 668 1471 ordinis
696 1408 931 1472 auctoritatem
962 1428 1094 1490 semper
1122 1408 1211 1490 apud
1239 1419 1277 1472 te

225 1517 339 1598 magni
354 1516 471 1580 fuisse.
522 1516 622 1599 Quod
639 1516 804 1600 reliquum
821 1525 882 1591 est,
903 1516 951 1580 sic
967 1516 1067 1579 velim
1084 1516 1274 1592 existimeS,

225 1625 491 1707 quibuscumque
507 1625 608 1687 rebus
627 1623 811 1688 Caerelliae
827 1624 974 1706 benigne
989 1623 1122 1699 feceris,
1136 1623 1221 1687 mihi
1239 1633 1278 1688 te

225 1732 455 1816 gratissimum
471 1751 547 1796 esse
563 1731 742 1796 iacturum.

533 1974 683 2038 LXXII.
719 1974 802 2060 (Art.
825 1974 962 2059 1216.)

545 2148 685 2198 CICERO
710 2149 850 2199 ATTICO
874 2148 952 2198 SAL.

272 2283 323 2347 Te
350 2282 419 2346 tuis
447 2282 594 2365 negotiis
622 2282 749 2347 relictis
778 2282 856 2346 nolo
880 2283 922 2346 ad
947 2303 1000 2346 me
1023 2282 1147 2348 venire.
1197 2283 1278 2366 Ego

227 2392 339 2474 potius
364 2392 531 2466 accedam,
558 2391 586 2454 si
611 2390 738 2455 diutius
763 2390 964 2472 impediere;
993 2390 1059 2454 etsi
1082 2411 1125 2454 ne
1150 2390 1277 2456 disces-

228 2500 347 2564 sissem
375 2500 511 2583 quidem
539 2519 558 2562 e
587 2507 771 2580 conspectu
795 2508 864 2574 tuo,
891 2499 956 2562 nisi
982 2519 1036 2562 me
1061 2498 1160 2581 plane
1189 2499 1275 2563 nihil

229 2608 365 2672 uliares
382 2607 562 2671 adiuvaret.
614 2607 715 2690 Quod
739 2607 769 2670 si
785 2616 875 2670 esset
900 2607 1034 2690 aliquod
1058 2607 1220 2684 levamen,
1241 2609 1277 2672 id

228 2725 319 2780 esset
337 2716 371 2778 in
388 2724 423 2778 te
440 2735 517 2790 uno,
536 2725 663 2780 etcum
681 2715 823 2797 primum
843 2715 886 2778 ab
902 2714 1012 2798 aliquo
1037 2715 1161 2797 poterit
1186 2735 1275 2792 esse,

228 2846 249 2889 a
264 2835 299 2888 te
316 2825 389 2887 erit.
432 2824 532 2887 Nunc
549 2833 663 2887 tamen
680 2823 789 2906 ipsum
806 2822 879 2886 sine
896 2832 931 2886 te
948 2843 1023 2886 esse
1040 2843 1107 2886 non
1125 2844 1274 2906 possum.

265 2997 286 3032 2.
305 2981 507 3045 τεοερίεεοεεὶ.
521 2983 569 3045 Ep.
583 2982 661 3030 VIII.
675 2996 724 3030 an.
777 2980 862 3032 island
885 2981 914 3030 of
943 2983 1048 3039 Astura,
1072 2982 1156 3032 where
1179 2983 1213 3032 he
1236 2999 1275 3032 re

229 3079 264 3088 —
272 3050 303 3098 C.
314 3049 460 3100 Vennoni:
472 3048 598 3113 probably
607 3049 652 3098 the
664 3063 725 3097 man
777 3047 881 3098 mained
893 3049 977 3106 alone,
989 3048 1091 3112 writing
1102 3049 1171 3114 daily
1182 3050 1275 3099 letters

230 3116 381 3166 mentioned
393 3117 419 3164 in
433 3116 479 3179 Ep.
493 3117 608 3164 XXXV.
622 3130 635 3164 2
639 3128 660 3181 5.
777 3124 805 3165 to
824 3115 928 3165 Atticus
942 3116 1004 3179 (Art,
1019 3129 1057 3164 12.
1070 3116 1155 3179 9-44),
1168 3115 1219 3164 and
1238 3133 1276 3165 re-

265 3183 379 3232 LXXII.
415 3182 520 3239 Astura
546 3183 611 3230 Mar,
635 3196 672 3239 10,
693 3195 725 3247 45
777 3183 877 3245 ceiving
888 3182 977 3232 letters
989 3181 1019 3230 of
1033 3181 1193 3232 condolence
1204 3183 1277 3231 from

231 3263 281 3300 tac.
304 3250 361 3298 The
373 3249 450 3298 death
463 3249 492 3297 of
503 3249 544 3298 his
557 3250 619 3314 only
630 3248 727 3312 daugh·
780 3249 915 3312 Sulpicius,
938 3249 1081 3308 Dolabella,
1102 3248 1154 3298 and
1176 3249 1276 3299 others.

231 3326 277 3374 ter,
300 3317 392 3373 Tullia,
412 3316 439 3364 in
460 3316 504 3365 the
525 3317 603 3365 latter
622 3325 680 3379 part
699 3315 728 3364 oi
780 3316 820 3364 CI.
839 3317 894 3365 also
914 3317 978 3364 Intr.
996 3328 1034 3381 51,
1052 3329 1089 3382 53.

233 3383 303 3442 Feb,
311 3397 351 3448 45,
362 3382 460 3432 robbed
472 3383 566 3432 Cicero
579 3383 608 3431 oi
619 3383 664 3432 the
677 3397 727 3431 one
812 3397 888 3432 nune
907 3383 1012 3446 ipsum,
1032 3390 1062 3432 at
1075 3384 1129 3432 thir
1146 3399 1208 3446 very
1225 3400 1278 3432 mo

230 3466 324 3515 person
349 3458 378 3499 to
400 3451 488 3499 whom
511 3451 545 3499 he
562 3465 615 3499 was
635 3449 727 3514 deeply
779 3457 854 3498 ment.
891 3450 964 3498 With
989 3449 1040 3498 this
1061 3450 1189 3513 meaning,
1208 3456 1278 3512 ‘pre

232 3516 362 3575 attached,
379 3517 432 3583 and
448 3518 496 3566 leit
513 3517 567 3566 him
584 3517 728 3565 inconsola-
779 3515 872 3582 cisely’
885 3532 915 3564 or
927 3516 1011 3578 ‘just'
1023 3519 1106 3578 iprum
1120 3517 1141 3564 is
1153 3533 1213 3565 now
1224 3517 1278 3565 and

232 3583 282 3632 hle.
318 3585 361 3632 He
377 3583 477 3633 betook
495 3583 600 3632 himself
618 3591 645 3632 at
662 3596 728 3631 once
780 3583 842 3632 then
854 3582 938 3630 found
951 3583 1011 3631 with
1025 3582 1135 3632 adverbs
1152 3583 1182 3631 of
1199 3584 1278 3644 time;

232 3657 261 3698 to
279 3663 295 3696 a
312 3650 395 3697 house
412 3649 553 3712 belonging
570 3657 598 3697 to
616 3650 727 3704 Atticus,
779 3649 812 3696 ci.
833 3665 902 3697 nunc
920 3651 1004 3709 ipsum
1025 3665 1076 3696 non
1093 3650 1208 3697 dubitabo
1223 3667 1276 3698 rem

233 3728 296 3761 near
314 3717 405 3770 Rome,
423 3714 476 3762 and
496 3715 558 3763 then
576 3715 602 3762 in
621 3730 636 3762 a
653 3715 728 3763 short
778 3722 876 3763 tantam
889 3716 989 3771 ahr'cere,
1000 3717 1053 3763 Art.
1064 3729 1087 3775 7.
1098 3730 1120 3779 3.
1134 3729 1147 3763 2
1160 3732 1166 3776 ;
1179 3732 1211 3764 ne
1222 3725 1277 3766 tum

233 3779 295 3827 time
310 3788 338 3826 to
351 3779 391 3826 his
403 3781 510 3844 solitary
522 3780 583 3828 villa
594 3795 665 3843 upon
682 3780 727 3828 the
778 3783 862 3843 {osum
885 3782 1012 3840 accr'dcret,
1035 3789 1092 3840 etc,
1118 3783 1149 3832 de
1179 3784 1224 3832 Or.
1257 3797 1275 3832 1.
