2834 4326
171 240 224 288 Art.
240 253 261 289 1.
276 237 334 314 16]Ι
506 238 673 288 CICERO'S
698 239 872 289 LETTERS.
1183 238 1216 292 21

172 427 242 470 rem
260 426 382 482 meum,
401 407 442 470 de
460 405 555 470 cuius
573 405 723 469 oratione
740 426 820 489 erga
836 428 890 471 me
910 407 1093 472 honorifica
1115 408 1157 472 ad
1182 416 1216 471 te

173 515 386 597 scripseram:
411 514 511 577 biduo
528 534 588 597 per
604 535 707 577 unum
730 534 872 591 servum,
891 524 924 579 et
950 536 1026 579 eum
1052 536 1092 579 ex
1116 515 1217 598 gladi·

173 623 279 688 atorio
296 623 384 700 ludo,
403 622 550 687 confecit
568 631 676 686 totum
695 623 884 705 negotium:
908 623 1081 690 arcessiuit
1106 625 1147 688 ad
1168 645 1214 700 se,

165 731 336 815 promisit,
355 730 556 806 intercessit,
575 730 683 808 dedit;
709 730 772 794 iam
789 751 868 795 vero
880 751 958 796 —o
980 732 1014 795 di
1038 733 1128 807 boni,
1146 753 1214 796 rem

172 839 527 932 perditami-etiam
559 848 677 904 noctes
710 849 875 905 certarum
908 841 1083 905 mulierum
1116 851 1216 925 atque

172 948 502 1013 adulescentulorum
537 947 699 1011 nobilium
741 948 1007 1013 introductiones
1046 949 1216 1014 nonnullis

173 1057 339 1121 iudicibus
365 1077 425 1140 pro
449 1055 613 1120 mercedis
638 1056 771 1120 cumulo
795 1057 941 1122 fuerunt.
1003 1057 1064 1133 Ita,
1086 1079 1216 1123 summo

173 1166 325 1230 discessu
353 1166 527 1241 bonorum,
553 1164 653 1247 pleno
681 1164 755 1229 foro
784 1185 964 1241 servorum,
993 1185 1066 1230 xxv
1091 1166 1217 1232 iudices

173 1275 220 1338 ita
235 1273 342 1339 fortes
364 1283 478 1337 tamen
494 1273 632 1338 luerunt
658 1282 694 1337 ut
719 1293 850 1338 summo
874 1274 1045 1357 proposito
1069 1275 1217 1358 periculo

173 1383 225 1447 vel
251 1382 360 1466 perire
385 1381 563 1445 maluerint
588 1402 688 1465 quam
717 1382 858 1464 perdere
881 1382 1008 1447 omnia:
1039 1402 1123 1446 xxxi
1146 1383 1217 1448 fue·

173 1501 251 1556 runt
274 1511 358 1574 quos
374 1490 482 1555 fames
507 1489 615 1573 magis
639 1510 738 1584 quam
762 1489 851 1584 fama
875 1501 1113 1569 commoveret;
1139 1513 1218 1575 quo·
1282 1485 1285 1489 ’

174 1620 247 1663 rum
266 1598 406 1664 Catulus
424 1619 498 1662 cum
516 1598 657 1662 vidisset
673 1600 849 1681 quendam,
871 1598 980 1682 ‘Quid
996 1598 1077 1676 vos,'
1096 1600 1215 1684 inquit,

176 1707 392 1790 ‘praesidium
409 1727 429 1770 a
444 1706 542 1770 nobis
558 1706 805 1789 postulabatis?
842 1705 900 1770 An
917 1727 961 1770 ne
977 1708 1105 1771 nummi
1122 1709 1217 1772 vobis

174 1815 384 1899 eriperentur
408 1813 622 1880 timebatis?'
673 1814 800 1889 Habes,
828 1824 866 1878 ut
891 1814 1087 1879 brevissime
1111 1817 1215 1899 potui,
1235 1823 1252 1874 6

174 1944 281 2008 genus
314 1923 415 1988 iudici
444 1932 479 1988 et
511 1943 645 1987 causam
671 1922 901 1988 absolutionis.
960 1924 1103 2006 Quaeris
1127 1925 1217 1988 dein-

174 2052 253 2116 ceps
269 2032 326 2116 qui
344 2052 433 2097 nunc
451 2031 494 2096 sit
516 2041 626 2096 status
651 2052 760 2095 rerum
786 2032 895 2114 etqui
919 2052 1024 2097 meus.
1074 2033 1138 2097 Rei
1160 2053 1217 2116 pu·

175 2141 281 2206 blicae
305 2150 431 2206 statum
455 2141 558 2215 illum,
578 2160 677 2224 quem
694 2149 731 2204 tu
756 2160 831 2204 meo
857 2141 1005 2216 consiliu,
1025 2161 1087 2224 ego
1104 2141 1217 2205 divino

174 2251 407 2315 confirmatum
424 2250 593 2332 putabam,
612 2249 670 2332 qui
686 2249 850 2312 bonorum
868 2249 1017 2313 omnium
1034 2250 1219 2314 coniuncti-

174 2380 239 2423 one
266 2366 300 2422 et
328 2358 530 2422 auctoritate
558 2357 754 2421 consulatus
782 2357 848 2420 mei
877 2357 961 2420 fixus
991 2367 1025 2421 et
1055 2357 1216 2423 fundatus

173 2468 358 2544 videbatur,
376 2466 443 2530 nisi
459 2466 533 2548 quis
557 2451 618 2530 nos
635 2467 718 2530 deus
743 2466 938 2549 respexerit,
957 2466 1105 2548 elapsum
1132 2468 1216 2532 seito

173 2596 249 2642 esse
268 2577 310 2640 de
335 2575 489 2639 manibus
514 2594 581 2638 uno
605 2574 669 2638 hoc
694 2574 827 2650 iudicio,
846 2574 874 2638 si
899 2574 1059 2639 iudicium
1084 2586 1135 2640 est
1160 2576 1217 2640 tri·

173 2684 267 2767 ginta
291 2684 444 2748 homines
470 2682 583 2765 populi
609 2683 754 2747 Romani
778 2683 966 2748 levissimos
991 2704 1030 2747 ac
1055 2685 1217 2767 nequissi-

173 2813 245 2858 mos
261 2792 443 2856 nummulis
460 2791 608 2874 acceptis
624 2790 676 2855 ius
693 2811 732 2856 ac
747 2791 799 2855 fas
816 2811 915 2855 omne
932 2791 1043 2855 delere
1063 2801 1107 2868 et,
1126 2794 1216 2876 quod

173 2933 284 2984 Crassus
309 2933 524 3000 complimentary
547 2940 575 2986 to
597 2931 669 2992 him:
720 2932 887 2981 withdrawul
903 2933 935 2998 :ff
946 2934 986 2981 all
1003 2934 1092 2983 honest
1108 2951 1217 2983 men.-

173 3000 217 3052 the
241 3002 335 3058 clause,
356 3002 392 3050 de
419 3001 503 3051 cuius
529 3000 668 3059 oratione,
721 3013 794 3062 quos
813 2999 906 3048 iames
925 3000 1020 3063 magis
1032 3015 1120 3063 quam
1138 3001 1216 3050 fama

172 3075 228 3126 etc,
250 3067 345 3126 shows,
365 3067 502 3124 therefore,
524 3067 582 3115 that
603 3067 669 3116 Cal·
721 3073 924 3123 commoveret,
933 3067 992 3116 who
1000 3082 1065 3114 were
1074 3068 1219 3130 influenced

171 3148 241 3184 vum
264 3134 345 3184 refers
366 3141 395 3182 to
415 3134 534 3184 Crassus.
575 3135 670 3182 Calvus
720 3149 789 3182 more
806 3133 836 3196 by
856 3134 969 3195 hunger
985 3134 1049 3180 than
1067 3133 1097 3196 hy
1117 3135 1215 3182 honor.

173 3216 224 3250 was
241 3201 395 3267 apparently
406 3216 423 3250 a
436 3200 574 3250 nickname
591 3199 669 3263 given
720 3199 761 3249 cf.
782 3200 843 3248 Intr.
864 3199 1102 3263 103.—Catulus:
1123 3201 1216 3250 consul

171 3275 200 3316 to
224 3268 344 3325 Crassus,
367 3267 480 3332 perhaps
505 3265 617 3316 because
640 3265 670 3314 oi
718 3266 744 3314 in
760 3265 791 3328 78
809 3277 859 3314 ac.
895 3265 936 3315 Cf.
950 3266 1215 3330 Ciodelechanil.

171 3334 211 3384 his
232 3333 405 3385 baldness.-
420 3348 454 3382 ex
476 3333 668 3383 Nanneianis:
721 3346 758 3397 51.

170 3400 252 3451 iithe
268 3400 374 3465 reading
390 3401 412 3449 is
430 3408 565 3458 correct,a
583 3400 668 3448 thru'st
752 3398 775 3447 6.
802 3401 943 3450 bonorum
982 3399 1112 3450 omnium
1147 3414 1216 3450 con-

170 3475 198 3516 at
216 3469 335 3526 Crassus,
359 3466 520 3527 understood
545 3465 579 3532 by
603 3467 669 3515 Atti·
719 3466 877 3516 iunctione:
899 3466 991 3515 Cicero
1003 3465 1095 3530 prided
1111 3467 1218 3517 himself

171 3549 217 3584 cus
239 3533 286 3584 but
315 3533 503 3597 unintelligible
532 3541 561 3583 to
590 3549 669 3583 us.—
720 3549 790 3596 upon
820 3534 865 3582 the
893 3533 1088 3582 reconciliation
1113 3533 1143 3582 oi
1171 3535 1215 3584 the

171 3601 334 3651 arcessivit:
365 3618 397 3651 sc.
425 3602 525 3650 iudices.
538 3601 668 3650 -inter-
719 3607 837 3649 senators
860 3599 912 3648 and
940 3598 1048 3663 knights
1068 3600 1151 3650 which
1175 3601 1215 3651 his

171 3669 272 3718 cessit:
295 3671 332 3718 ia.
350 3683 416 3732 gave
436 3668 548 3733 security
564 3667 606 3715 ior
623 3667 667 3715 the
718 3667 869 3729 consulship
878 3665 930 3715 had
943 3665 1056 3730 brought
1066 3668 1155 3718 about.
1173 3668 1214 3717 ef.

170 3743 301 3800 payment.
319 3761 353 3770 —
372 3748 488 3784 summo
533 3733 666 3782 discessu
718 3732 807 3782 Cicin
817 3735 870 3782 Cat.
877 3734 1007 3798 4.15.—si
1014 3734 1152 3784 iudicium
1161 3743 1214 3796 est,

171 3803 321 3862 bonorum,
360 3800 589 3864 notauithstands'ng
625 3800 668 3848 the
718 3799 811 3864 αἰψ’]
816 3800 838 3848 r't
846 3815 895 3848 can
906 3799 933 3848 be
944 3800 1028 3850 called
1035 3815 1052 3849 a
1064 3802 1130 3850 trial
1140 3802 1215 3852 when
