2814 4328
144 269 319 390 Fami9.15.]
341 362 344 367 .
481 322 648 372 CICERO’S
674 323 847 374 LETTERS.
1143 326 1190 377 211
1270 381 1273 387 ,

144 501 177 555 et
195 511 301 574 urgeo
319 491 441 567 iorum,
460 513 485 556 s.
504 512 531 556 c.
551 491 744 556 scribuntur
768 494 856 574 apud
878 503 1061 557 amatorem
1083 504 1189 569 tuum,

142 599 344 664 familiarem
370 620 481 663 meum
489 621 498 676 ;
524 610 558 664 et
582 599 727 683 quidem,
754 621 830 664 cum
856 600 889 664 in
914 612 1062 666 mentem
1087 603 1189 678 venit,

142 728 252 792 ponor
271 710 312 772 ad
336 708 550 773 scribendum
573 717 606 772 et
631 718 710 772 ante
735 709 834 773 audio
850 731 876 774 s.
896 731 922 774 c.
943 710 976 773 in
993 709 1190 775 Armeniam

142 827 176 882 et
196 816 327 902 Syriam
345 836 420 881 esse
437 816 612 898 perlatum,
626 818 715 901 quod
728 817 761 882 in
779 837 887 881 meam
904 819 1108 883 sententiam
1125 820 1191 885 iac·

141 935 215 989 tum
241 945 316 989 esse
340 921 480 1002 dicatur,
504 946 603 1010 quam
629 926 766 989 omnino
792 927 998 991 mentionem
1024 928 1123 992 ullam
1148 930 1190 993 de

140 1055 182 1098 ea
199 1054 236 1098 re
252 1055 327 1098 esse
343 1033 478 1099 factam.
528 1033 644 1117 Atque
668 1035 732 1099 hoc
757 1035 860 1099 nolim
877 1056 931 1099 me
952 1037 1052 1100 iocari
1076 1046 1174 1119 putes
1182 1057 1190 1114 ;

140 1163 220 1206 nam
239 1143 321 1205 mihi
338 1143 424 1207 scito
447 1141 512 1206 iam
535 1163 555 1206 a
577 1143 713 1226 regibus
738 1143 865 1207 ultimis
888 1144 1016 1209 adlatas
1041 1165 1116 1209 esse
1140 1145 1190 1208 lit-

139 1262 242 1327 teras,
261 1251 383 1335 quibus
404 1250 486 1314 mihi
505 1251 630 1335 gratias
650 1261 751 1335 agant
769 1254 858 1334 quod
875 1273 913 1317 se
930 1274 1004 1317 mea
1020 1255 1190 1318 sententia

139 1380 241 1442 reges
251 1359 498 1442 appellaverim,
511 1380 596 1444 quos
609 1380 672 1444 ego
686 1381 753 1424 non
771 1362 869 1425 modo
883 1382 980 1444 reges
994 1363 1187 1446 appellatos,

140 1469 201 1533 sed
216 1469 355 1532 omnino
368 1478 466 1532 natos
481 1469 681 1534 nesciebam.
719 1470 830 1554 ‘Quid
844 1491 924 1553 ergo
937 1471 1022 1535 est?’
1049 1473 1187 1548 Tamen,
1209 1499 1221 1550 5

138 1575 301 1661 quamdiu
318 1577 373 1641 hic
389 1577 453 1641 erit
470 1587 585 1641 noster
604 1577 659 1642 hic
681 1578 872 1660 praelectus
890 1580 1047 1656 moribus,
1066 1581 1189 1663 parebo

40 1681 49 1696 ”
138 1685 337 1751 auctoritati
360 1695 439 1750 tuae
447 1705 456 1764 ;
480 1706 555 1750 cum
581 1707 660 1751 vero
684 1687 801 1763 aberit,
821 1688 862 1751 ad
886 1687 1009 1772 fungos
1034 1709 1088 1753 me
1111 1698 1188 1753 tuos

138 1794 323 1859 conferam.
374 1794 521 1858 Domum
547 1794 577 1859 si
600 1795 740 1870 habeb0,
761 1795 794 1858 in
818 1797 924 1860 denos
943 1797 1015 1861 dies
1037 1797 1188 1892 singulos

139 1903 371 1986 sumptuariae
387 1903 472 1985 legis
492 1904 564 1967 dies
588 1903 776 1981 conferam3
800 1905 852 1968 sin
874 1915 987 1969 autem
1010 1906 1120 1970 minus
1142 1907 1189 1970 in·

137 2031 265 2076 venero
294 2012 381 2095 quod
413 2012 551 2095 placeat,
579 2012 712 2077 decrevi
745 2013 898 2077 habitare
929 2015 1017 2096 apud
1046 2024 1090 2090 te,
1119 2015 1188 2080 scio

139 2121 232 2185 enim
251 2131 305 2184 me
321 2120 405 2184 nihil
423 2120 485 2184 tibi
510 2120 638 2204 gratius
659 2121 772 2186 facere
789 2142 898 2204 posse.
949 2123 1095 2187 Domum
1115 2123 1188 2188 Sul·

138 2230 252 2293 lanam
281 2230 499 2312 desperabam
530 2230 605 2305 iam,
635 2240 672 2293 ut
701 2230 763 2294 tibi
792 2231 941 2312 proxime
970 2232 1098 2314 scripsi,
1128 2234 1187 2296 sed

141 2348 257 2432 tamen
286 2358 354 2401 non
381 2337 496 2403 abieci.
548 2338 601 2402 Tu
629 2338 739 2415 velim,
765 2349 802 2403 ut
829 2339 957 2415 scribis,
984 2361 1060 2404 cum
1083 2341 1187 2405 fabris

174 2511 199 2557 4.
216 2510 307 2561 urgeo
330 2495 443 2547 iorum:
470 2495 523 2546 this
543 2512 590 2546 use
610 2496 640 2545 of
691 2497 851 2560 experience,
877 2497 952 2547 while
974 2499 1019 2548 the
1042 2499 1187 2549 humorous

139 2578 219 2679 iiim
234 2562 639 2694 {spiliilelllimhllii
689 2563 1188 2694 {ittalltsshtttlttlttttt

197 2666 202 2678 ·
275 2666 288 2688 ¹2
422 2666 429 2689 r
632 2667 638 2689 r

141 2698 209 2746 Hor.
229 2698 276 2746 od.
301 2711 323 2746 2.
347 2710 385 2747 10.
404 2705 637 2748 2.-amatorem
689 2697 843 2747 alternative
857 2699 878 2747 is
894 2707 948 2761 put,
964 2699 1001 2747 ad
1019 2699 1126 2763 fungos
1139 2714 1186 2749 me

139 2772 224 2814 tuum
236 2780 242 2811 ε
254 2766 292 2812 cte.
305 2765 446 2814 Caesarem.
454 2792 488 2800 —
496 2778 589 2828 ponor
600 2765 637 2813 ad
689 2772 756 2814 tuos
775 2765 1095 2829 conferam—fungos:
1116 2766 1187 2830 high·

139 2830 344 2882 scribendum:
368 2829 401 2881 ci.
418 2832 496 2894 legem
515 2833 638 2895 conscrip-
689 2831 855 2896 lyesteemed
864 2831 949 2896 hythe
958 2833 1084 2882 Romans.
1121 2834 1186 2883 Hor·

93 2917 96 2932 ·
138 2904 238 2956 serunt,
251 2898 299 2961 Ep.
312 2899 372 2947 XV.
385 2911 399 2960 7
413 2914 439 2948 n.
474 2897 564 2947 Those
578 2898 637 2948 who
689 2898 757 2947 ace’s
776 2898 921 2962 Epicurean
938 2898 1023 2948 friend
1041 2899 1133 2949 Catius
1151 2901 1186 2949 in·

139 2964 192 3012 had
214 2965 353 3015 witnessed
373 2964 425 3014 and
445 2964 537 3029 signed
557 2980 573 3013 a
593 2965 637 3014 bill
689 2964 779 3015 eludes
789 2965 860 3014 them
869 2965 896 3014 in
908 2965 949 3014 his
958 2966 1002 3015 list
1010 2965 1040 3015 ol
1050 2965 1186 3017 delicaeies

139 3046 208 3080 were
237 3031 294 3081 said
321 3032 451 3081 scribendo
476 3032 639 3097 adfuisse.-
690 3032 754 3096 (Sat.
769 3046 790 3080 2.
803 3047 826 3093 4.
840 3032 894 3095 20);
912 3031 945 3081 cf.
957 3033 1014 3082 also
1027 3035 1099 3082 Fam.
1112 3047 1134 3095 7.
1146 3035 1185 3084 26.

139 3098 234 3147 scito:
251 3114 295 3148 see
308 3099 356 3163 Ep.
368 3099 404 3147 Il.
420 3112 429 3146 r
442 3114 467 3146 n.
690 3112 719 3156 23
731 3112 755 3158 9.
768 3113 805 3149 ro.
817 3113 838 3147 2.
870 3101 966 3148 Paetus
975 3098 1062 3148 would
1073 3116 1144 3150 seem
1157 3109 1184 3150 to

177 3177 197 3229 5.
215 3165 284 3228 quid
297 3179 367 3230 ergo
379 3172 435 3214 est:
447 3165 480 3214 cl.
490 3167 556 3231 quid
564 3181 637 3230 quae-
688 3164 756 3215 have
768 3166 833 3215 been
852 3181 885 3214 an
904 3166 1073 3229 experienced
1085 3167 1185 3217 dinner·

139 3232 186 3288 ris,
205 3233 253 3295 Ep.
272 3233 303 3280 V.
322 3247 338 3292 4
355 3247 380 3280 n.
399 3231 451 3280 and
470 3233 533 3281 Intr.
552 3232 592 3295 98.
603 3259 638 3269 -
688 3232 810 3295 given—
821 3234 959 3282 domum:
979 3249 1011 3281 sc.
1029 3241 1056 3282 at
1074 3235 1185 3298 Naples;

138 3298 316 3362 praelectus:
334 3299 360 3347 in
372 3297 405 3359 46
417 3310 467 3346 uc.
478 3298 577 3348 Caesar
585 3314 637 3347 was
688 3299 721 3350 cf.
740 3313 762 3364 3.
772 3299 1011 3363 —sumptuariae
1030 3300 1122 3364 legis:
1140 3301 1185 3351 the

138 3365 259 3415 invested
271 3365 333 3415 with
345 3365 390 3414 the
402 3364 535 3415 functione
546 3365 576 3414 ol
593 3365 637 3414 the
688 3365 858 3429 expenditure
871 3367 953 3416 which
971 3367 1016 3416 the
1033 3377 1186 3433 sumptuary

138 3432 292 3496 censorship
312 3431 392 3482 under
410 3433 454 3482 the
471 3447 529 3482 new
540 3432 597 3482 title
609 3430 639 3480 ol
688 3433 751 3481 laws
765 3433 875 3483 allowed
890 3433 933 3483 for
951 3449 1001 3483 one
1018 3433 1076 3499 day,
1089 3434 1185 3484 should

135 3501 280 3563 praefectus
298 3515 397 3548 mamm
409 3514 420 3556 ,·
446 3498 478 3549 cf.
492 3499 545 3548 Dio
562 3499 636 3549 Cass.
688 3499 714 3548 in
739 3499 853 3550 Cicero’s
877 3516 937 3550 case
959 3500 1048 3551 suffice
1071 3500 1114 3551 for
1134 3510 1184 3551 ten.

137 3579 180 3630 43.
203 3579 233 3627 14
244 3583 250 3625 ;
275 3567 347 3616 Suet.
369 3567 421 3614 lul.
442 3566 638 3630 76.—parebo
689 3566 782 3615 Cicero
794 3568 816 3616 is
828 3567 955 3634 probably
967 3567 1089 3632 thinking
1100 3569 1129 3617 of
1140 3569 1184 3618 the

137 3633 304 3683 auctoritati
320 3640 405 3684 tuae:
426 3634 464 3681 ic.
477 3632 503 3682 in
520 3631 638 3696 advising
688 3634 730 3681 lex
750 3635 822 3682 lulio
844 3638 1006 3697 sumptuaria
1026 3634 1068 3698 (cf.
1088 3637 1184 3699 Lange,

138 3715 182 3749 me
199 3709 227 3749 to
246 3701 343 3750 remain
364 3708 391 3748 at
411 3700 503 3750 Rome.
544 3701 637 3750 Cicero
689 3701 762 3749 Rdm.
781 3703 833 3749 Alt.
853 3715 874 3765 3.
893 3702 962 3766 450),
980 3701 1076 3765 passed
1095 3703 1122 3751 in
1141 3703 1185 3752 the

137 3767 235 3830 speaks
253 3767 321 3817 asif
343 3767 377 3816 he
398 3782 463 3816 were
488 3766 532 3816 the
555 3767 636 3832 youth
688 3775 797 3816 autumn
815 3767 845 3815 of
861 3767 894 3828 46
912 3780 977 3824 13.C.;
995 3767 1029 3817 cf.
1041 3769 1098 3818 also
1110 3771 1179 3818 Fam.

136 3832 191 3885 and
201 3835 297 3884 Paetus
307 3833 575 3887 themanoiwisdom
584 3833 637 3883 and
688 3846 711 3897 9.
726 3834 764 3882 26.
777 3849 807 3894 4;
826 3847 849 3895 7.
862 3833 901 3884 26.
