2814 4330
205 310 252 362 124
383 363 386 368 ,
542 307 709 358 c1cun0s
734 275 912 358 narrans]
1046 307 1257 374 [upxxxlv.

159 495 163 502 ’
204 479 247 543 K.
267 477 373 560 Sept„
391 476 495 559 legati
511 497 530 540 a
546 494 626 559 rege
644 475 874 557 Commageno
890 471 932 538 ad
949 493 1003 538 me
1022 474 1117 539 missi
1140 485 1257 558 pertu-

203 587 381 661 multuose,
407 605 517 669 neque
542 593 655 648 tamen
682 604 750 647 non
776 603 864 659 vere,
892 582 1031 647 Parthos
1057 583 1091 646 in
1119 583 1256 669 Syriam

170 694 367 774 4transisse
392 692 643 757 nuntiaverunt.
701 691 779 775 Quo
803 691 917 754 audito
941 690 1160 756 vehementer
1175 711 1256 756 sum

205 811 393 868 commotus
421 821 498 866 cum
527 801 569 864 de
597 799 703 885 Syria,
729 809 801 863 tum
831 800 872 863 de
900 817 975 863 mea
1002 799 1183 881 provincia,
1210 801 1256 864 de

205 912 331 996 reliqua
354 910 499 992 denique
523 908 617 973 Asia.
672 909 790 992 Itaque
815 907 996 972 exercitum
1023 907 1106 970 mihi
1130 909 1256 971 ducen-

204 1021 283 1084 dum
317 1039 377 1101 per
408 1017 640 1100 Cappadociae
672 1016 842 1099 regionem
870 1035 954 1091 eam,
984 1035 1071 1098 quae
1099 1014 1254 1079 Ciliciam

204 1127 398 1210 attingeret,
416 1125 542 1208 putavi.
592 1125 679 1189 Nam
694 1124 723 1188 si
736 1145 790 1188 me
807 1123 842 1187 in
859 1123 1010 1188 Ciliciam
1027 1123 1253 1200 demisissem,

206 1236 356 1300 Ciliciam
375 1234 509 1319 quidem
528 1233 633 1316 ipsam
652 1242 789 1316 propter
808 1231 933 1296 montis
950 1231 1076 1296 Amani
1096 1242 1253 1296 naturam

107 1329 110 1332 ¹
204 1344 303 1410 facile
327 1343 530 1419 tenuissem;
556 1344 622 1405 duo
645 1351 724 1404 sunt
747 1340 836 1405 enim
859 1340 970 1404 aditus
990 1340 1023 1403 in
1041 1339 1194 1404 Ciliciam
1212 1361 1254 1404 ex
1301 1385 1308 1394 -

207 1453 312 1539 Syria,
331 1472 472 1534 quorum
497 1451 639 1533 uterque
662 1449 772 1532 parvis
796 1447 973 1531 praesidiis
997 1458 1134 1530 propter
1150 1469 1254 1540 angu-

206 1562 289 1625 stias
306 1559 483 1624 intercludi
503 1567 626 1641 potest,
645 1578 708 1621 nec
731 1567 783 1621 est
800 1557 976 1640 quicquam
999 1555 1116 1620 Cilicia
1135 1566 1255 1620 contra

208 1669 339 1755 Syriam
364 1667 535 1731 munitius.
586 1666 655 1730 Sed
677 1686 732 1729 me
752 1664 964 1748 Cappadocia
982 1665 1147 1740 movebat,
1166 1685 1254 1748 quae

207 1787 300 1860 patet
325 1797 345 1840 a
371 1775 469 1861 Syria
500 1795 664 1858 regesque
684 1773 798 1838 habet
832 1772 1002 1848 finitimos,
1032 1773 1089 1857 qui
1118 1773 1253 1837 etiamsi

207 1895 287 1950 sunt
313 1885 397 1949 clam
423 1884 521 1948 amici
548 1883 654 1958 nobis,
682 1892 796 1946 tamen
822 1890 937 1964 aperte
966 1881 1097 1944 Parthis
1126 1880 1253 1946 inimici

208 2014 370 2059 essenon
395 1993 527 2056 audent.
579 1992 698 2074 Itaque
720 1991 754 2053 in
778 1988 989 2072 Cappadocia
1012 1999 1161 2054 extrema
1184 2011 1252 2054 non

207 2104 307 2185 longe
324 2122 344 2165 a
360 2102 471 2165 Tauro
488 2102 574 2182 apud
592 2099 750 2182 oppidum
769 2097 926 2183 Cybistra
943 2108 1053 2163 castra
1067 2097 1145 2174 feci,
1163 2107 1200 2162 ut
1218 2107 1254 2162 et

209 2210 360 2276 Ciliciam
385 2219 498 2272 tuerer
519 2218 552 2271 et
574 2199 965 2290 Cappadociam'tenens
989 2226 1075 2270 nova
1099 2206 1253 2270 finitimo

180 2339 281 2400 5rum
307 2317 446 2382 consilia
469 2316 676 2399 impedirem.
735 2316 869 2378 Interea
893 2314 926 2376 in
951 2315 1014 2378 hoc
1038 2324 1134 2379 tanto
1158 2324 1253 2379 motu

208 2437 369 2509 tantaque
390 2424 641 2508 exspectatione
662 2423 797 2488 maximi
814 2422 893 2486 belli
910 2442 967 2485 rex
990 2422 1180 2499 Deiotarus,
1198 2423 1253 2487 cui

209 2556 276 2599 non
305 2534 379 2598 sine
407 2554 506 2597 causa
534 2533 713 2615 plurimum
743 2551 876 2613 semper
903 2539 937 2593 et
966 2551 1040 2595 meo
1069 2541 1103 2594 et
1131 2541 1190 2595 tuo
1218 2541 1253 2595 et

210 2652 346 2708 senatus
372 2641 494 2706 iudicio
519 2641 682 2704 tributum
707 2649 769 2716 est,
787 2640 837 2703 vir
860 2658 935 2702 cum
960 2639 1195 2703 benevolentia
1219 2649 1253 2703 et

209 2753 275 2816 fide
292 2771 372 2834 erga
391 2750 550 2833 populum
573 2751 614 2813 R.
634 2748 803 2832 singulari,
822 2757 894 2811 tum
914 2747 1104 2830 praesentia
1128 2749 1254 2831 magni·

212 2906 233 2942 r.
249 2905 402 2955 14.—rege
414 2892 623 2954 Commageno:
635 2890 707 2938 Anti·
757 2890 814 2939 also
826 2889 890 2938 intr.
903 2902 943 2951 77.
952 2903 1087 2953 —neque
1103 2903 1161 2939 non
1177 2904 1255 2949 vere,

210 2959 299 3018 ochus,
312 2959 376 3021 king
386 2958 416 3007 of
431 2958 617 3020 Commagene,
630 2972 646 3006 a
658 2956 708 3006 dis-
756 2958 813 3005 and
822 2964 866 3005 not
877 2956 986 3006 without
988 2955 1165 3020 justificatione.

210 3027 269 3076 trict
290 3041 325 3074 on
346 3025 391 3075 the
414 3025 538 3073 northern
561 3023 657 3073 border
679 3024 708 3072 of
791 3038 815 3083 4.
825 3022 1150 3086 nec...quicquam:cl.
1158 3021 1256 3073 similar

211 3091 569 3158 Syria-pertumultuose:
580 3090 707 3154 although
759 3105 805 3139 use
823 3090 852 3138 of
869 3091 940 3139 nihil
955 3089 998 3138 for
1012 3106 1091 3147 nemo,
1106 3090 1153 3153 Ep.
1166 3090 1255 3139 XXV.

211 3159 255 3210 the
278 3160 380 3222 regular
403 3158 559 3222 superlative
581 3157 651 3206 form
671 3164 708 3206 tu-
759 3172 827 3217 4.-
842 3157 919 3220 apud
942 3156 1100 3220 oppidum:
1130 3156 1162 3205 cf.
1186 3157 1257 3218 apud

210 3227 406 3276 multuosissime
423 3225 446 3274 is
467 3224 532 3275 used
549 3225 575 3273 in
594 3225 635 3273 his
653 3239 709 3274 ora-
759 3225 884 3281 Iconium,
895 3237 1060 3273 zn.-nova
1068 3223 1256 3272 finitimorum
1286 3237 1293 3244 ·

210 3293 287 3351 tions,
305 3308 348 3356 ag.
366 3295 395 3341 in
413 3293 484 3340 Verr.
503 3292 527 3340 ii.
546 3305 568 3340 2.
588 3304 626 3356 37,
646 3290 708 3340 here
759 3291 895 3340 consilia:
914 3290 958 3339 the
975 3289 1119 3339 intentions
1136 3289 1166 3338 ol
1183 3292 1258 3338 Arta-

202 3360 303 3410 Cicero
317 3359 417 3423 prefers
430 3359 474 3408 the
487 3359 627 3422 colloquial
638 3357 708 3406 form
759 3356 860 3414 vasdes,
873 3357 919 3406 the
930 3356 994 3420 king
1005 3356 1035 3406 of
1046 3356 1178 3413 Armenia,
1190 3368 1257 3406 were

209 3427 271 3475 with
278 3433 345 3489 pera
375 3425 537 3491 Similarlyip
548 3425 592 3474 the
605 3426 708 3474 Letters
759 3439 775 3473 a
795 3432 890 3473 matter
906 3423 936 3472 of
953 3423 1053 3482 doubt;
1076 3423 1109 3473 cl.
1126 3424 1199 3472 Fam.
1218 3435 1257 3488 15.

211 3493 303 3543 Cicero
326 3508 386 3542 uses
406 3493 451 3542 the
474 3491 603 3541 intensive
624 3490 708 3541 forms
760 3505 782 3538 2.
797 3505 819 3538 2.

204 3569 320 3624 peracer,
332 3567 482 3622 peramans,
497 3557 549 3608 and
561 3559 707 3620 perlubens,
794 3569 815 3622 5.
835 3572 884 3607 rex
909 3557 1083 3607 Deiotarust
1104 3555 1197 3606 Cicero
1215 3555 1258 3606 de

209 3626 285 3675 while
296 3626 323 3674 in
332 3625 373 3676 his
385 3626 461 3675 other
469 3625 583 3688 writings
593 3625 654 3689 only
663 3624 708 3674 the
758 3623 855 3672 fended
873 3623 927 3672 him
944 3624 970 3672 in
988 3636 1020 3689 45
1034 3635 1084 3672 uc.
1098 3623 1199 3687 against
1212 3623 1258 3673 the

210 3692 312 3754 regular
322 3692 479 3756 superlative
490 3692 573 3740 forms
587 3705 631 3740 are
644 3690 708 3740 used
759 3690 854 3754 charge
883 3690 912 3738 of
943 3690 1069 3753 planning
1096 3698 1124 3739 to
1153 3689 1259 3739 murder

210 3765 238 3806 to
261 3757 375 3807 indicate
398 3758 443 3808 the
465 3757 617 3823 possession
640 3755 670 3805 of
692 3772 708 3806 a
760 3756 979 3816 Caesar-fide,
994 3765 1054 3806 eto:
1072 3755 1105 3806 cf.
1119 3756 1172 3806 Cic.
1185 3758 1258 3806 Phil.

209 3823 448 3890 qualityinavery
460 3823 522 3888 high
535 3822 635 3886 degree.
665 3821 707 3872 Cf.
762 3836 799 3871 rr.
824 3837 862 3888 34-
878 3825 944 3887 quid
964 3825 994 3873 de
1019 3825 1066 3874 Cn.
1084 3824 1204 3888 Pompeio
1224 3824 1259 3872 lc»
