2780 4332
107 333 187 381 Fam.
203 342 241 380 ιο.
257 329 308 396 15.]
462 328 628 378 croceos
655 329 828 378 cursans.
1115 328 1163 380 283

109 521 150 563 se
169 497 370 573 Antonium,
391 496 419 560 si
441 496 618 578 prohibere
634 495 805 578 provincia
824 517 884 560 sua
901 517 968 560 non
986 497 1162 581 potuisset,

109 608 204 672 bello
228 616 492 689 persecuturum,
513 625 566 667 me
590 616 627 667 ut
651 605 800 668 venirem
826 605 1005 689 copiasque
1030 607 1164 671 coniun-

110 737 230 799 gerem
266 715 404 796 rogavit,
442 734 546 796 eoque
579 713 695 796 magis,
731 715 819 796 quod
851 724 885 776 et
917 713 1090 780 Antonius
1122 718 1164 780 ab

111 825 268 908 equitatu
293 822 409 886 firmus
439 842 513 885 esse
541 821 714 886 dicebatur
743 831 775 885 et
802 822 950 904 Lepidus
975 844 1017 886 ne
1042 825 1164 889 medio

111 953 206 998 crem
232 932 366 1015 quidem
391 931 572 1014 equitatum
594 930 758 1007 habebat;
780 951 856 993 narn
875 931 975 995 etiam
999 953 1039 996 ex
1055 934 1164 1017 pauci-

112 1052 186 1106 tate
221 1041 293 1103 eius
326 1060 394 1102 non
428 1039 539 1102 multis
572 1049 650 1102 ante
683 1039 801 1102 diebus
825 1040 942 1104 decem
967 1041 1023 1124 qui
1047 1041 1164 1123 optimi

112 1151 251 1213 fuerant
268 1149 309 1211 ad
327 1169 380 1210 me
398 1149 610 1212 transierunt.
663 1148 795 1231 Quibus
816 1150 914 1212 rebus
940 1169 1002 1232 ego
1020 1150 1164 1232 cognitis

114 1268 294 1323 cunctatus
320 1277 388 1319 non
416 1278 498 1320 sum.
550 1257 589 1319 In
623 1278 722 1321 cursu
755 1259 916 1321 bonorum
949 1258 1164 1323 consiliorum

117 1367 284 1448 Lepidum
321 1365 542 1428 adiuvandum
577 1365 699 1449 putavi.
750 1365 928 1430 Adventus
960 1387 1054 1431 meus
1086 1368 1198 1450 quida

113 1475 328 1560 profecturus
354 1483 443 1537 esset
468 1474 544 1550 vidi,
563 1475 616 1538 vel
639 1475 727 1558 quod
749 1475 901 1558 equitatu
919 1496 993 1540 meo
1010 1477 1166 1560 persequi

115 1595 218 1668 atque
234 1583 422 1665 opprimere
442 1583 624 1665 equitatum
645 1583 716 1646 eius
734 1604 878 1666 possem,
897 1584 950 1648 vel
970 1586 1058 1668 quod
1075 1581 1169 1650 exer·¹
1259 1577 1265 1586 ’

116 1693 205 1758 citus
232 1691 353 1773 Lepidi
376 1711 448 1754 earn
466 1702 594 1773 partem
611 1712 695 1774 quae
713 1703 868 1774 corrupta
890 1703 941 1757 est
963 1703 997 1757 et
1014 1695 1055 1757 ab
1080 1715 1116 1757 re
1132 1717 1163 1777 p.

116 1800 263 1865 alienata
288 1809 321 1863 et
346 1799 512 1882 corrigere
540 1810 573 1864 et
597 1820 752 1865 coercere
777 1802 965 1882 praesentia
989 1802 1056 1865 mei
1075 1822 1165 1866 exer*

116 1910 205 1974 citus
231 1927 375 1992 possem.
427 1908 543 1992 Itaque
572 1908 606 1971 in
634 1909 724 1972 Isara
748 1909 885 1973 flumine
909 1911 1052 1974 maximo
1076 1914 1164 1994 quod

119 2019 156 2081 in
187 2017 310 2080 finibus
343 2027 395 2080 est
420 2016 642 2099 Allobrogum
667 2027 770 2100 ponte
794 2039 860 2081 uno
884 2019 938 2081 die
962 2019 1051 2083 iacto
1077 2040 1165 2083 exer-

120 2131 225 2194 citum
259 2150 287 2192 a.
314 2128 344 2192 d.
372 2145 407 2190 ιν
433 2126 512 2189 Idus
545 2125 625 2190 Mai.
660 2126 800 2197 traduxi.
851 2126 935 2191 Cum
972 2148 1050 2191 vero
1083 2128 1164 2191 mihi

117 2239 307 2303 nuntiatum
333 2245 423 2299 esset
447 2235 485 2300 L.
505 2234 693 2298 Antonium
711 2235 930 2317 praemissum
951 2257 1026 2300 curn
1051 2237 1165 2320 equiti-

116 2347 181 2411 bus
206 2356 240 2410 et
261 2344 453 2409 cohortibus
479 2345 520 2406 ad
544 2345 667 2407 Forum
690 2344 753 2406 Iuli
772 2344 914 2421 venisse,
932 2345 1069 2408 fratrem
1090 2357 1170 2409 cum

121 2455 272 2539 equitum
290 2463 446 2536 quattuor
463 2452 595 2516 milibus
622 2463 658 2516 ut
681 2462 869 2516 occurreret
895 2453 925 2516 ei
954 2453 1030 2516 misi
1046 2475 1074 2517 a.
1094 2455 1125 2516 d.
1143 2473 1166 2516 v

119 2565 200 2628 Idus
219 2563 297 2626 Mai.
349 2563 427 2644 Ipse
450 2561 603 2624 maximis
629 2561 802 2625 itineribus
825 2582 900 2625 cum
926 2580 961 2625 ιν
978 2562 1165 2645 legionibus

117 2672 288 2755 expeditis
300 2681 334 2735 et
350 2671 476 2754 reliquo
502 2671 651 2754 equitatu
669 2670 859 2753 subsequar.
912 2671 948 2735 Si
965 2691 1027 2734 nos
1043 2672 1165 2734 medio·
1184 2694 1199 2740 4

117 2781 185 2845 cris
210 2781 309 2843 modo
334 2780 468 2843 fortuna
492 2779 539 2843 rei
564 2801 594 2861 p.
623 2778 794 2854 adiuverit,
822 2787 855 2842 et
880 2779 1036 2844 audaciae
1061 2780 1167 2862 perdi·

117 2899 228 2953 torum
258 2899 291 2951 et
319 2897 454 2951 nostrae
479 2887 714 2951 sollicitudinis
741 2887 796 2952 hic
819 2887 921 2950 finem
947 2888 1166 2969 reperiemus;

117 3000 208 3082 quod
242 2997 270 3060 si
302 2997 387 3060 latro
416 2995 633 3079 praecognito
662 3005 778 3060 nostro
806 2997 952 3060 adventu
985 3017 1099 3060 rursus
1132 2998 1165 3060 in

120 3107 254 3171 Italiam
299 3126 335 3169 se
380 3105 528 3187 recipere
573 3104 730 3187 coeperit,
779 3104 874 3169 Bruti
912 3105 975 3168 erit
1019 3105 1165 3170 officium

121 3249 210 3298 Plane.
235 3249 307 3296 Fam.
341 3261 378 3297 ιο.
400 3261 439 3312 ²3·
469 3248 620 3310 4).-—pro·
668 3248 772 3297 —a.d.
784 3262 825 3296 ιν.
839 3247 910 3297 Idus
921 3247 1003 3296 Mai:
1020 3247 1065 3296 the
1077 3246 1167 3311 bridge

119 3315 217 3365 vincia
240 3329 313 3365 sua:
344 3315 452 3379 Antony
474 3313 519 3362 did
548 3324 621 3363 enter
669 3330 721 3364 was
739 3313 805 3363 built
821 3331 845 3362 a.
863 3316 887 3363 d.
904 3331 926 3363 V.
944 3315 1008 3362 Idus
1025 3315 1104 3372 Mai.;
1122 3315 1167 3364 the

120 3382 207 3432 Gallia
231 3380 419 3430 Narbonensis.
463 3381 505 3429 Cf.
525 3380 619 3429 introd.
669 3383 772 3447 cavalry
802 3380 884 3430 under
919 3380 963 3429 the
997 3379 1106 3429 brother
1139 3381 1168 3431 of

119 3450 279 3499 note-ab
297 3448 428 3512 equitatu
447 3449 561 3498 firmus:
588 3448 619 3496 cf.
671 3449 781 3497 Plancus
800 3463 852 3497 was
873 3455 931 3496 sent
955 3462 1043 3497 across
1067 3463 1101 3496 on
1123 3447 1167 3497 the

119 3519 151 3566 ab
168 3517 267 3573 amicis,
287 3515 336 3578 Ep.
356 3514 376 3562 Ι.
397 3529 409 3562 2
429 3515 620 3565 n-decem:
669 3516 780 3579 evening
791 3515 820 3564 of
837 3515 894 3564 that
907 3514 964 3579 day,
976 3514 1028 3564 and
1041 3513 1086 3563 the
1098 3515 1167 3563 main

121 3583 224 3633 Schelle
248 3582 411 3646 conjectures
434 3584 538 3631 sescenti
560 3581 620 3630 with
669 3598 741 3648 army
758 3581 863 3632 crossed
882 3582 927 3630 the
944 3591 1006 3630 next
1024 3580 1074 3647 day
1089 3582 1125 3644 (a.
1139 3582 1166 3631 d.

119 3648 288 3715 probability.
671 3663 713 3697 ιν.
724 3649 794 3698 Idus
808 3649 891 3712 Mai).
927 3648 968 3697 Cf.
985 3649 1077 3706 Ruete,
1093 3663 1130 3713 51.

155 3731 178 3782 3.
198 3717 280 3767 eius:
298 3717 336 3764 i.e.
345 3715 375 3763 of
387 3716 502 3780 Antony.
512 3743 546 3751 -
556 3730 621 3765 eam
703 3730 726 3777 4.
746 3717 774 3765 in
785 3716 900 3765 ltaliam
914 3751 920 3764 .
935 3750 941 3763 .
956 3750 962 3764 .
976 3716 1114 3779 coeperit:
1127 3715 1169 3764 for

120 3792 235 3849 partem
247 3801 253 3831 τ
272 3781 398 3849 probably
413 3782 457 3832 the
475 3781 622 3832 celebrated
670 3782 714 3831 the
724 3782 836 3832 forecast
847 3782 930 3846 which
942 3783 974 3830 D.
986 3782 1083 3832 Brutus
1092 3782 1168 3831 made

119 3851 196 3902 tenth
213 3851 308 3914 legion.
344 3849 386 3899 cf.
405 3851 478 3899 Fam.
494 3864 531 3899 ιο.
547 3863 584 3898 ιι.
600 3864 621 3897 2.
670 3849 699 3898 of
717 3848 761 3899 the
779 3857 942 3898 movements
959 3849 988 3898 of
1007 3850 1122 3915 Antony,
1134 3849 1167 3898 cf.
