2780 4332
204 257 256 312 2⁵2
543 255 713 306 CICERO'S
737 253 912 306 LETTERS.
1008 254 1069 323 [Ep.
1082 255 1257 308 LXXXVII.

205 425 409 511 respondere
433 433 469 488 te
499 442 586 507 quae
609 421 715 488 facias
746 430 807 486 tuo
832 421 955 488 iudicio
980 431 1015 487 et
1039 431 1099 487 tua
1129 433 1257 508 sponte

204 535 326 612 facere,
341 553 405 598 nec
416 533 612 615 cuiusquam
626 550 728 614 egere
739 529 890 607 consilio,
903 540 1018 595 tamen
1029 552 1141 615 neque
1152 533 1257 617 plane

205 643 377 709 adsentior
392 662 436 706 ne
458 639 654 730 imminuam
678 648 771 704 tuam
789 638 938 716 laudem,
956 639 986 704 si
1006 640 1115 705 omnis
1130 661 1153 706 a
1168 642 1256 707 meis

205 752 352 819 consiliis
367 750 524 835 profecta
538 749 699 825 videatur,
713 768 822 832 neque
834 747 931 812 valde
946 767 1053 833 nego;
1069 769 1144 814 sum
1161 751 1255 816 enim

205 862 331 926 avidior
346 860 446 925 etiam
470 879 571 943 quam
587 857 670 922 satis
685 865 738 921 est
759 857 895 940 gloriae,
910 866 945 922 et
961 866 1075 922 tamen
1090 879 1161 923 non
1176 859 1256 924 alie-

205 992 286 1035 num
311 979 363 1034 est
387 968 554 1052 dignitate
577 975 645 1042 tua,
662 966 753 1050 quod
777 947 840 1050 ipsi
855 965 1113 1049 Agamemnoni,
1131 987 1254 1052 regum

202 1080 285 1162 regi,
311 1077 376 1142 fuit
400 1077 591 1151 honestum,
617 1075 741 1139 habere
766 1073 911 1157 aliquem
937 1074 972 1138 in
996 1074 1143 1140 consiliis
1166 1078 1255 1160 capi-

205 1187 301 1252 endis
319 1188 509 1261 Nestorem,
527 1183 610 1248 mihi
626 1204 706 1248 vero
728 1182 910 1268 gloriosum
934 1192 971 1247 te
994 1182 1149 1248 iuvenem
1173 1205 1255 1250 con·

205 1296 312 1360 sulem
328 1295 447 1359 florere
463 1293 619 1358 laudibus
634 1292 731 1376 quasi
746 1291 919 1356 alumnum
932 1291 1127 1374 disciplinae
1143 1313 1253 1361 meae.

170 1407 245 1475 3L.
272 1404 408 1488 quidem
434 1402 568 1478 Caesar,
594 1422 672 1467 cum
700 1401 843 1466 adeum
868 1410 1043 1484 aegrotum
1072 1401 1253 1484 Neapolim

203 1513 382 1588 venissem,
415 1531 616 1595 quamquam
648 1518 720 1574 erat
751 1529 932 1595 oppressus
963 1508 1069 1573 totius
1100 1511 1254 1593 corporis

203 1622 373 1688 doloribus
401 1630 525 1696 tamen,
551 1627 755 1703 antequam
783 1638 838 1683 me
868 1617 968 1703 plane
999 1617 1166 1694 salutavit,
1196 1619 1252 1686 'O

204 1731 251 1796 mi
276 1727 414 1806 Cicero,’
440 1728 558 1811 inquit,
587 1726 759 1811 ‘gratulor
793 1726 856 1792 tibi
888 1748 965 1792 cum
996 1736 1129 1791 tantum
1157 1728 1254 1794 vales

203 1840 292 1923 apud
317 1836 537 1912 Dolabellam,
556 1846 719 1920 quantum
743 1835 772 1900 si
796 1855 860 1919 ego
884 1836 972 1920 apud
996 1835 1119 1900 sororis
1143 1836 1252 1901 filium

203 1947 359 2023 valerem,
377 1947 443 2010 iam
460 1944 543 2010 salvi
561 1965 636 2009 esse
651 1964 849 2028 possemus;
874 1942 1070 2009 Dolabellae
1084 1964 1164 2008 vero
1188 1955 1252 2010 tuo

204 2066 239 2122 et
255 2054 407 2140 gratulor
421 2064 456 2119 et
472 2053 598 2137 gratias
614 2073 689 2136 ago,
706 2072 805 2137 quem
823 2052 957 2137 quidem
981 2063 1057 2136 post
1078 2063 1114 2117 te
1130 2074 1254 2119 consu·

203 2165 269 2231 lem
294 2164 401 2229 solum
433 2182 613 2246 possumus
636 2181 715 2225 vere
739 2161 911 2226 consulem
935 2160 1065 2229 dicere’
1114 2163 1254 2230 Deinde

204 2273 311 2339 multa
326 2274 368 2337 de
383 2272 474 2335 facto
490 2271 585 2336 aede
600 2290 637 2334 re
653 2279 750 2354 gesta
765 2278 844 2335 tua:
868 2270 951 2334 nihil
967 2271 1250 2355 magnificentius,

204 2382 288 2447 nihil
304 2380 506 2465 praeclarius
522 2389 634 2444 actum
654 2400 810 2462 unquam,
829 2379 914 2443 nihil
937 2380 986 2444 rei
1008 2402 1040 2462 p.
1058 2382 1250 2448 salutarius.

170 2522 186 2569 4
204 2491 322 2575 Atque
337 2491 420 2554 haec
438 2509 504 2552 una
519 2509 584 2552 vox
599 2487 750 2552 omnium
766 2497 827 2553 est.
876 2488 963 2553 Ate
979 2499 1090 2553 autem
1114 2498 1193 2573 peto
1209 2499 1252 2555 ut

203 2620 258 2663 me
274 2601 360 2664 hanc
377 2598 471 2681 quasi
485 2593 604 2661 falsam
621 2596 842 2660 hereditatem
859 2595 986 2662 alienae
1009 2596 1132 2682 gloriae
1156 2599 1252 2664 sinas

203 2727 351 2784 cernere,
378 2726 499 2790 meque
523 2705 634 2789 aliqua
657 2715 811 2790 exparte
836 2705 870 2770 in
895 2707 1088 2771 societatem
1113 2716 1250 2772 tuarum

203 2817 339 2882 laudum
362 2815 478 2879 venire
501 2815 637 2897 patiare.
694 2815 917 2898 Quamquam,
942 2814 989 2879 mi
1021 2816 1253 2880 Dolabella—

204 2926 287 2991 haec
318 2924 409 2990 enim
441 2923 570 2988 iocatus
602 2922 907 2988 sum—libentius
938 2944 1056 2988 omnes
1087 2945 1188 3001 meas,
1220 2925 1252 2990 si

238 3108 261 3144 2.
291 3094 465 3144 Nestorem:
502 3090 623 3142 Nestor's
651 3105 701 3156 age
748 3090 857 3140 sionsoi
865 3091 988 3150 emotion,
998 3084 1199 3154 etc.‚isre'gular
1209 3093 1251 3141 till

203 3161 256 3212 and
284 3160 448 3225 experience,
463 3158 540 3209 made
568 3159 622 3208 him
655 3159 700 3209 the
748 3157 1179 3209 aiterCicero'stime.-sororis
1194 3159 1252 3206 fili-

203 3227 345 3292 pn‘vileged
364 3226 504 3276 counselor
520 3225 549 3274 oi
569 3224 610 3274 his
628 3240 701 3274 more
748 3238 813 3274 um:
837 3225 875 3272 τῖε.
895 3226 1016 3290 Antony;
1034 3225 1068 3274 ct.
1085 3226 1133 3289 Ep.
1155 3225 1205 3272 1.2
1222 3240 1252 3273 n.

204 3294 325 3374 pouthful
336 3293 454 3358 superior
470 3293 701 3356 Agamemnon—
783 3306 806 3352 4.
829 3291 1022 3370 hereditatem
1041 3325 1048 3340 .
1064 3325 1071 3339 .
1087 3325 1094 3339 .
1112 3303 1250 3341 cernere:

203 3375 339 3412 iuvenem
366 3360 533 3411 consulem:
562 3359 701 3409 Dolabella
751 3357 907 3407 atechmcal
920 3365 985 3407 term
998 3356 1063 3407 used
1079 3357 1109 3406 of
1124 3373 1175 3406 one
1187 3357 1251 3407 who

203 3427 256 3477 had
272 3427 339 3478 been
352 3425 485 3476 advanced
502 3434 531 3475 to
543 3425 588 3475 the
600 3426 701 3476 consul·
750 3425 844 3475 wishes
864 3433 892 3474 to
913 3433 1003 3488 accept
1021 3440 1056 3475 an
1078 3425 1247 3474 inheritance.

203 3495 262 3559 ship
271 3495 305 3561 by
313 3495 413 3545 Caesar
422 3494 513 3545 before
522 3492 644 3557 reaching
655 3492 701 3542 the
750 3492 863 3541 -hnec
884 3491 996 3541 iocatus
1019 3505 1099 3541 sum:
1125 3493 1162 3539 i.c.
1187 3491 1252 3541 haec

203 3575 252 3626 age
264 3560 383 3626 required
394 3561 429 3628 by
439 3561 496 3610 law.
751 3560 852 3608 iocandi
868 3575 944 3607 causa
961 3559 1036 3616 disci,·
1054 3557 1086 3607 cf.
1104 3558 1249 3622 defendam,

237 3641 260 3692 3.
286 3629 319 3677 L.
333 3626 709 3690 caesarrci.Ep.1.2n.—'
752 3624 925 3688 Ep.XC1.7
945 3627 1028 3685 n.;r'n
1052 3625 1122 3674 Verr.
1140 3625 1164 3674 ii.
1181 3638 1247 3687 ¹·71

204 3705 271 3742 cum
290 3727 298 3741 .
316 3727 324 3742 .
343 3729 349 3742 .
369 3693 465 3742 vales:
492 3692 537 3742 the
560 3691 701 3742 indicative
750 3692 820 3757 quod
827 3692 1004 3754 interpellavit
1012 3691 1051 3756 (=
1063 3691 1252 3753 interpellandi

204 3758 266 3808 nith
277 3774 334 3808 cum
347 3759 509 3822 explicatum,
521 3758 589 3807 aiter
600 3773 699 3824 expres-
750 3774 827 3808 causa
838 3757 923 3822 dixit)
935 3758 1097 3808 Hortensius.
