2780 4332
228 325 278 380 278
567 327 735 376 CICERO'S
760 328 933 376 LETTERS.
1100 328 1162 393 [Ep.
1178 330 1282 378 XCVI.

227 504 263 557 te
286 513 420 557 nossem
442 502 475 557 et
500 503 631 557 tuarum
653 493 840 557 litterarum
864 495 905 557 ad
928 515 982 558 me
1004 495 1183 559 missarum
1204 518 1282 578 pro-

228 603 330 666 missa
362 601 590 666 meminissem
615 613 649 666 et
675 603 833 666 haberem
858 624 878 666 a
907 604 1033 666 Furnio
1067 614 1185 667 nostro
1219 615 1281 668 tua

227 711 362 794 penitus
379 711 519 775 consilia
538 711 689 793 cognita;
714 712 773 774 sed
795 712 929 775 senatui
950 707 1074 774 maiora
1098 711 1170 775 visa
1194 725 1280 776 sunt

227 840 326 902 quam
343 829 438 883 erant
458 828 662 902 exspectata,
682 840 749 882 non
770 840 836 903 quo
857 841 1002 902 unquam
1022 822 1065 882 de
1082 829 1142 883 tua
1161 820 1280 884 volun-

226 938 298 994 tate
321 928 520 1003 dubitasset,
547 928 607 992 sed
640 947 703 992 nec
732 938 894 1011 quantum
927 929 1038 992 facere
1067 949 1186 1010 posses
1212 950 1279 993 nec

227 1038 336 1120 quoad
381 1037 537 1119 progredi
576 1036 680 1100 velles
729 1037 936 1118 exploratum
986 1037 1068 1100 satis
1117 1037 1276 1102 habebat.

193 1146 355 1228 21taque,
390 1166 465 1208 cum
492 1166 520 1209 a.
551 1145 582 1208 d.
612 1163 661 1208 v11
692 1145 771 1208 Idus
802 1144 929 1227 Aprilis
959 1166 1057 1238 mane
1086 1147 1170 1208 mihi
1198 1157 1278 1210 tuas

226 1253 356 1318 litteras
383 1253 429 1316 M.
459 1253 649 1317 Varisidius
675 1253 875 1316 reddidisset
897 1273 1019 1336 easque
1040 1252 1207 1336 legissem,
1229 1255 1278 1317 in-

226 1362 377 1426 credibili
401 1361 523 1444 gaudio
548 1382 621 1424 sum
647 1361 764 1436 elatus,
785 1382 926 1444 cumque
952 1382 1073 1445 magna
1092 1363 1277 1426 multitudo

226 1471 427 1553 optimomm
445 1471 590 1533 virorum
615 1480 648 1533 et
674 1470 796 1533 civium
819 1470 935 1533 mede
956 1471 1054 1533 domo
1079 1471 1275 1546 deduceret,

158 1619 160 1624 -
226 1579 294 1643 leci
318 1565 478 1643 continuo
503 1579 611 1642 omnis
636 1579 817 1660 participes
850 1599 944 1641 meae
976 1579 1169 1660 voluptatis.
1222 1581 1277 1642 ln-

226 1687 324 1751 terim
344 1688 386 1751 ad
406 1706 460 1750 me
476 1687 568 1750 venit
592 1687 766 1750 Munatius
783 1696 906 1762 noster,
927 1696 962 1749 ut
981 1697 1169 1750 consuerat.
1222 1686 1273 1750 At

227 1816 289 1878 ego
307 1796 337 1859 ei
353 1796 483 1859 litteras
501 1805 586 1870 tuas,
605 1794 770 1858 nihildum
789 1796 878 1859 enim
897 1795 1040 1871 sciebat;
1065 1816 1142 1858 nam
1160 1796 1200 1858 ad
1219 1817 1276 1859 me

226 1905 368 1986 primum
400 1903 598 1979 Varisidius,
625 1904 725 1986 idque
757 1904 821 1967 sibi
851 1925 873 1966 a
903 1913 937 1966 te
970 1905 1164 1966 mandatum
1196 1924 1275 1968 esse

227 2013 367 2077 dicebat.
419 2012 520 2076 Paulo
542 2022 618 2094 post
644 2013 731 2075 idem
757 2013 838 2075 mihi
862 2013 1035 2076 Munatius
1060 2033 1115 2075 eas
1140 2012 1274 2076 litteras

226 2122 386 2204 legendas
411 2121 502 2184 dedit
528 2141 611 2204 quas
631 2120 693 2203 ipsi
719 2121 867 2195 miseras,
886 2130 919 2183 et
943 2141 999 2184 eas
1024 2141 1106 2204 quas
1128 2120 1273 2201 publice.

193 2252 208 2302 3
228 2230 354 2292 Placuit
379 2229 476 2292 nobis
501 2238 537 2291 ut
560 2229 675 2292 statim
699 2230 739 2292 ad
767 2228 953 2293 Cornutum
979 2249 1026 2310 pr.
1051 2229 1122 2292 urb.
1141 2229 1275 2293 litteras

226 2338 444 2412 deferremus,
479 2338 544 2420 qui,
579 2339 668 2421 quod
712 2337 868 2400 consules
912 2338 1061 2413 aberant,
1097 2338 1275 2402 consulare

227 2467 348 2509 munus
381 2445 568 2509 sustinebat
602 2465 694 2509 more
723 2445 896 2510 maiorum.
948 2445 1095 2510 Senatus
1120 2455 1171 2509 est
1196 2466 1276 2510 con-

226 2555 322 2618 tinuo
339 2563 543 2618 convocatus
563 2555 790 2637 frequensque
813 2554 971 2618 convenit
995 2564 1131 2636 propter
1147 2554 1274 2618 famam

226 2672 327 2745 atque
360 2663 645 2744 exspectationem
687 2672 817 2725 tuarum
858 2662 1052 2726 litterarum.
1105 2663 1275 2726 Recitatis

227 2771 348 2834 litteris
365 2770 477 2834 oblata
493 2771 611 2854 religio
630 2771 781 2835 Cornuto
797 2780 849 2834 est
867 2770 1080 2852 pullariorum
1098 2771 1274 2834 admonitu

226 2928 288 2974 very
294 2926 305 2968 ,¹
328 2910 529 2974 strengtbening
546 2911 591 2960 the
608 2911 680 2960 force
699 2911 728 2961 of
770 2911 908 2975 appended
924 2911 950 2960 in
962 2911 1073 2976 comedy
1083 2911 1233 2977 frequently
1245 2920 1274 2961 to

228 2979 273 3026 the
298 2977 518 3042 adp—tuarum
547 2979 727 3028 litterarum:
769 2978 935 3042 imperatives
947 2978 999 3027 and
1020 2978 1207 3041 interjections,
1221 2979 1275 3027 and

226 3048 264 3094 ie.
278 3046 351 3093 Fam.
372 3059 409 3093 ro.
421 3058 438 3104 4
455 3043 507 3093 and
525 3057 591 3106 7.—
601 3045 727 3095 Furnio:
770 3046 943 3111 occasionally
956 3054 984 3094 to
996 3045 1173 3094 enumerative
1186 3045 1275 3095 words

227 3111 273 3161 the
293 3112 378 3174 legate
399 3112 428 3160 ol
451 3111 570 3161 Plancus.
606 3113 659 3160 For
683 3113 727 3161 the
769 3111 822 3161 like
834 3115 963 3175 primum.
999 3111 1040 3160 Cf.
1054 3112 1113 3160 Brix
1132 3127 1167 3160 on
1187 3112 1274 3161 Plaut

227 3186 377 3236 statement,
386 3178 419 3228 cf.
440 3181 511 3226 Fam.
532 3192 569 3226 ro.
588 3178 611 3227 6.
636 3193 663 3236 r;
691 3193 727 3228 ro.
775 3179 847 3227 Tria.
858 3178 897 3241 98,
906 3178 958 3227 and
972 3179 1074 3227 Lorenz
1086 3179 1274 3229 onMost.rzo.

232 3259 267 3294 ro.
283 3259 303 3293 1.
311 3273 345 3282 —
353 3246 533 3309 exploratum
552 3246 626 3296 satis
643 3246 728 3296 habe·
771 3245 802 3294 In
814 3260 892 3308 prose
903 3245 923 3294 it
933 3245 956 3294 is
967 3245 1051 3294 lound
1062 3245 1201 3294 elsewhere
1210 3247 1275 3313 only

228 3313 278 3362 bat
290 3328 296 3359 r
309 3312 341 3360 ct.
355 3312 417 3360 Intr.
430 3311 463 3373 84
475 3315 499 3360 d.
769 3313 796 3360 in
815 3312 859 3361 the
872 3312 1063 3361 combinations
1081 3314 1204 3369 nandum,
1217 3315 1275 3360 aaa·

262 3393 284 3427 2.
304 3379 346 3427 M.
372 3379 556 3429 Varisidius:
583 3394 599 3428 a
623 3380 726 3428 Roman
769 3380 986 3436 dum‚iuterdum,
996 3379 1142 3434 etrbmdum,
1152 3379 1272 3440 agedum,

228 3445 400 3508 knigbt,who
418 3461 491 3495 came
508 3446 576 3495 from
596 3445 639 3494 the
652 3461 727 3508 camp
769 3445 822 3493 and
843 3446 1078 3508 agitedum—eas
1100 3459 1174 3508 quas
1203 3447 1274 3508 pub

228 3511 257 3560 of
276 3512 402 3571 Plancus;
422 3514 455 3562 cl.
478 3513 550 3560 Fam.
571 3526 728 3573 ro.7.1.-
769 3512 840 3560 lice:
865 3513 909 3561 the
933 3512 1010 3560 letter
1038 3521 1066 3560 to
1096 3512 1140 3560 the
1172 3521 1273 3570 senate,

230 3579 382 3628 Munatius
405 3588 523 3629 noster:
542 3578 573 3626 T.
592 3579 727 3628 Munatius
769 3581 842 3626 Fam.
859 3593 895 3626 ro.
907 3578 931 3627 8.

230 3645 349 3701 Plancus,
367 3661 383 3694 a
401 3646 506 3694 relative
524 3645 553 3693 of
571 3645 615 3693 the
632 3660 727 3708 person
804 3659 826 3708 3.
845 3646 921 3708 quod
934 3645 1070 3695 consules
1083 3646 1218 3693 aberant:
1235 3645 1269 3693 cf.

227 3709 378 3758 addressed.
414 3711 455 3760 Cf.
471 3724 491 3775 5.
502 3738 535 3746 —
545 3725 601 3775 ego
611 3711 638 3759 ei
649 3711 728 3760 litte·
771 3711 835 3759 Intr.
847 3725 887 3771 42·
897 3741 930 3747 —
939 3713 1036 3761 oblata
1049 3747 1056 3760 .
1070 3747 1077 3759 .
1091 3745 1098 3758 .
1115 3719 1170 3769 est,
1183 3728 1199 3758 a
1212 3713 1272 3760 reli·

227 3787 276 3823 ras
302 3782 386 3823 tuas:
414 3793 446 3823 sc.
475 3777 592 3839 legendas
619 3778 727 3825 dadi—
765 3779 840 3839 gious
857 3778 981 3840 difficulty
1001 3780 1136 3840 presented
1150 3777 1274 3840 irrelf.—

227 3838 385 3890 nmitdume
412 3840 457 3890 the
476 3842 579 3890 enclitic
610 3844 672 3890 dum
705 3843 727 3892 is
770 3843 970 3906 pullariorum:
988 3844 1015 3892 in
1033 3844 1104 3908 early
1126 3842 1203 3892 times
1228 3843 1275 3894 the
