2814 4328
212 275 264 326 226
549 275 717 326 CICERO'S
741 274 915 324 LETTERS.
1068 273 1131 340 [Ep.
1145 275 1261 358 mlxv.

211 461 296 526 quae
328 443 450 526 oppida
480 443 622 526 quodam
656 453 805 525 tempore
836 441 1075 506 florentissima
1106 442 1259 520 fuerunt,

211 570 301 616 nunc
329 559 497 634 prostrata
524 559 560 613 et
587 549 698 614 diruta
724 559 804 613 ante
831 548 947 614 oculos
975 549 1095 614 iacent.
1152 549 1261 634 Coepi

210 669 345 742 egomet
373 679 503 723 mecum
531 658 579 723 sic
607 657 780 742 cogitare:
813 657 938 723 ‘Heml
971 677 1032 722 nos
1060 658 1259 723 homunculi

211 768 433 851 indignamur,
458 767 487 831 si
514 767 589 850 quIs
614 775 767 830 nostrum
795 739 920 830 inleriit
948 775 1006 829 aut
1032 765 1163 830 occisus
1192 776 1259 843 est,

210 896 351 960 quorum
366 876 435 940 vita
450 875 583 939 brevior
598 894 674 938 esse
689 875 800 949 debet,
818 894 895 938 cum
917 894 985 938 uno
1007 874 1081 939 loco
1098 882 1149 938 tot
1167 875 1260 958 oppi-

210 985 289 1048 dum
315 986 476 1049 cadavera
502 983 653 1068 proiecta
678 983 813 1046 iacent?
870 982 977 1046 Visne
1005 992 1044 1046 tu
1070 992 1117 1058 te,
1147 982 1257 1059 Servi,

210 1094 365 1158 cohibere
398 1101 432 1156 et
470 1092 664 1156 meminisse
703 1091 872 1156 hominem
912 1100 947 1154 te
983 1110 1058 1155 esse
1090 1100 1205 1155 natum
1224 1091 1257 1154 ?'

211 1201 319 1266 Crede
342 1201 434 1276 mihi,
461 1201 665 1283 cogitatione
688 1220 728 1264 ea
751 1220 818 1263 non
844 1199 1055 1264 mediocriter
1079 1219 1155 1264 sum
1180 1219 1261 1263 con-

209 1311 370 1375 firmatus.
421 1309 508 1384 Hoc,
535 1309 623 1372 idem
648 1309 677 1372 si
704 1308 765 1372 tibi
788 1309 932 1384 videtur,
957 1308 1012 1373 fac
1035 1317 1115 1371 ante
1140 1308 1259 1373 oculos

208 1419 271 1482 tibi
293 1439 470 1502 proponas,
520 1418 624 1480 Modo
649 1436 716 1480 uno
743 1427 896 1499 tempore
919 1426 971 1482 tot
995 1417 1057 1480 viri
1080 1415 1260 1480 clarissimi

208 1527 416 1602 interierunt,
435 1526 477 1589 de
498 1525 637 1608 imperio
660 1547 692 1607 p.
712 1526 753 1588 R.
772 1534 867 1588 tanta
883 1525 1066 1589 deminutio
1083 1524 1175 1588 facta
1191 1535 1257 1602 est,

208 1655 325 1699 omnes
345 1634 534 1717 provinciae
554 1642 797 1717 conquassatae
819 1642 920 1710 sunt;
943 1632 977 1695 in
1002 1633 1100 1696 unius
1125 1632 1259 1696 mulier-

209 1743 304 1808 culae
319 1742 465 1806 animula
481 1742 511 1806 si
526 1741 655 1806 iactura
672 1740 764 1805 facta
785 1751 847 1818 est,
865 1749 962 1805 tanto
986 1761 1087 1825 opere
1111 1760 1260 1805 commo-

208 1852 319 1916 veris?
369 1851 465 1934 Quae
482 1849 511 1914 si
531 1851 595 1914 hoc
619 1859 770 1933 tempore
794 1870 862 1913 non
878 1849 969 1912 diem
993 1869 1090 1913 suum
1114 1848 1257 1926 obisset,

208 1960 321 2044 paucis
346 1968 423 2041 post
446 1958 544 2023 annis
568 1967 681 2022 tamen
706 1957 738 2022 ei
762 1957 970 2021 moriendum
994 1957 1069 2034 fuit,
1095 1957 1257 2041 quoniam

177 2068 308 2139 shomo
328 2075 408 2131 nata
430 2067 550 2131 fuerat.
601 2067 713 2130 Etiam
737 2075 775 2130 tu
799 2066 842 2129 ab
866 2066 958 2130 hisce
981 2066 1082 2129 rebus
1106 2064 1257 2130 animum

203 2245 277 2308 giam
290 2244 338 2291 vix
350 2244 466 2292 relictum
483 2241 703 2305 est—quodam
756 2242 803 2290 diu
820 2242 930 2299 licuerit,
942 2242 1008 2289 lucis
1024 2240 1158 2289 commodis
1170 2239 1259 2306 fissi?

208 2319 352 2373 tempore:
369 2307 411 2356 for
427 2309 554 2371 quondam
563 2324 575 2366 ;
593 2308 627 2358 cf.
640 2308 703 2356 Intr.

211 2383 458 2440 rou-prostrata
481 2382 510 2424 et
533 2375 643 2425 diruta:
669 2374 703 2424 ci.

203 2444 322 2507 graviter
340 2442 493 2504 molesteque,
517 2455 704 2492 1.-mecum

207 2509 705 2638 rehtsttssotdtfltlttllt

210 2657 249 2708 30,
263 2655 311 2706 500
321 2660 327 2698 ;
339 2643 411 2689 Eun.
424 2641 488 2704 6293
500 2643 593 2690 Heaut.
607 2641 705 2708 385.-

208 2711 291 2758 hem:
309 2707 342 2757 cf.
357 2708 421 2756 Intr.
432 2707 703 2770 92.-homuuculi:

209 2777 253 2824 the
260 2774 412 2825 diminutive
420 2789 554 2837 expresses
561 2783 703 2838 contempt.

208 2856 304 2890 -nos
324 2839 492 2890 homunculi
511 2876 518 2890 .
538 2876 545 2889 .
564 2875 571 2889 .
589 2842 704 2890 iacent:

209 2909 308 2958 Bdckel
325 2915 421 2972 quotes
437 2907 506 2956 irom
525 2908 638 2957 Rutilius
653 2909 706 2957 Na·

208 2975 346 3032 marianus,
362 2988 382 3022 1.
394 2987 443 3039 413
455 2991 461 3021 :

208 3077 270 3124 Non
284 3076 452 3152 indignemur
461 3075 583 3123 mortalia
600 3083 706 3138 corpora

212 3143 354 3286 cernegllapp
375 3207 498 3269 exemplis
510 3179 610 3270 'eppm

275 3291 350 3324 mere.

208 3374 408 3438 —oppidumz
444 3372 489 3422 the
511 3373 616 3423 shorter
636 3373 706 3423 form

210 3441 238 3490 of
249 3441 294 3491 the
301 3440 415 3503 genitive
424 3439 508 3503 plural
516 3440 545 3488 of
554 3440 598 3490 the
607 3439 706 3490 second

210 3507 358 3557 declension
371 3507 392 3557 is
402 3507 540 3573 especially
548 3523 669 3556 common
678 3508 705 3556 iu

210 3575 280 3640 early
290 3575 374 3624 Latin.
382 3574 505 3624 -visne
518 3582 546 3623 te
560 3575 705 3624 cohibere:

209 3641 379 3704 imperative3
406 3656 451 3690 see
478 3641 541 3690 Intr.
561 3640 595 3702 84
614 3642 635 3699 b,
654 3640 706 3690 and

755 2307 825 2357 —si
848 2307 900 2358 tibi
922 2306 1049 2357 videtur:
1075 2321 1091 2355 a
1113 2307 1257 2372 colloquial

756 2373 914 2489 exprespion,
918 2374 1012 2489 aphilp¹
1016 2375 1041 2422 si
1044 2374 1153 2489 ¹videreta
1167 2373 1191 2488 ξε
1207 2373 1257 2422 the

756 2456 925 2557 litetur
941 2455 1119 2557 alraldi?
1128 2455 1256 2556 tiozo

756 2574 993 2690 diffinit
1012 2572 1124 2690 llam}
1140 2574 1258 2689 idlae

755 2709 782 2757 in
810 2707 854 2757 the
881 2709 983 2757 Lettem
1008 2706 1055 2756 but
1078 2721 1152 2762 once,
1176 2705 1255 2755 while

755 2777 780 2823 si
802 2775 850 2822 tibi
874 2775 977 2823 vedetur
1003 2787 1094 2822 occurs
1123 2772 1151 2822 18
1176 2773 1255 2822 times

756 2857 788 2890 or
803 2856 884 2891 more.
920 2840 962 2890 Cf.
974 2841 1028 2889 Ate
1046 2839 1070 2889 8.
1088 2839 1111 2888 6.
1128 2853 1151 2897 2,
1163 2847 1257 2887 etc—

757 2915 825 2956 ante
843 2907 943 2957 oculos
966 2907 1036 2957 tibi:
1060 2905 1093 2955 cf.
1110 2907 1179 2955 milei
1195 2913 1257 2954 ante

757 2977 846 3029 oculos,
865 2975 914 3037 Ep,
933 2973 1013 3022 XIII.
1031 2986 1047 3038 3
1064 2979 1181 3021 u.-tot
1198 2971 1255 3021 viti

758 3040 929 3090 clarissimi:
950 3039 983 3090 cf.
1002 3041 1051 3103 Ep,
1070 3039 1157 3088 LXII.
1177 3052 1190 3087 2
1209 3053 1255 3087 nn.

757 3137 791 3144 —
805 3107 981 3157 deminutio:
1004 3107 1050 3156 the
1072 3105 1187 3170 struggle
1210 3103 1256 3154 be-

758 3182 841 3224 tween
865 3176 963 3224 Caesar
985 3172 1038 3222 and
1063 3173 1178 3238 Pompey
1200 3171 1255 3220 had

632 3215 708 3271 pom
757 3239 878 3290 lessened
900 3240 945 3290 the
969 3240 1080 3306 majesty
1101 3239 1131 3288 of
1160 3239 1255 3297 Rome,

758 3307 810 3356 and
828 3306 968 3357 weakened
990 3307 1035 3356 the
1052 3321 1127 3356 sense
1145 3305 1175 3354 of
1195 3305 1258 3354 alle·

757 3374 848 3437 glauce
860 3390 894 3423 on
911 3375 956 3424 the
973 3382 1031 3438 part
1048 3373 1078 3422 oi
1093 3372 1201 3438 peoples
1213 3371 1257 3421 de

756 3440 871 3504 pendent
892 3455 928 3490 on
948 3438 1254 3499 hen-mulierculae,

757 3507 885 3559 animula
896 3526 903 3557 ι
921 3508 965 3557 the
975 3507 1140 3556 diminutIves
1152 3521 1256 3572 convey

757 3590 790 3623 an
798 3573 858 3623 idea
865 3574 895 3623 oi
904 3575 960 3640 pity
967 3574 1019 3624 and
1029 3572 1214 3638 depreciation.
1221 3600 1259 3610 —

757 3641 952 3700 mulierculae,
963 3659 980 3691 a
992 3642 1094 3690 delicate
1104 3655 1215 3688 woman.
1223 3667 1259 3677 -

210 3706 243 3755 cI.
257 3707 360 3756 Petron.
376 3720 418 3754 111
433 3708 473 3755 vis
489 3713 518 3754 tu
536 3707 707 3757 reviviscere?
758 3709 813 3757 hoc
825 3716 972 3772 ternpore:
990 3707 1033 3757 ior
1045 3722 1132 3766 nunc,·
1151 3705 1186 3755 cf.
1198 3723 1258 3770 quo

210 3773 250 3820 vis
261 3773 372 3820 de'seusso
385 3772 506 3820 muliebre¹
520 3787 613 3830 errore,
625 3789 705 3836 quam

757 3775 818 3823 dam
830 3782 947 3836 tempore,
958 3773 1051 3824 above.
