2834 4326
201 286 232 338 12
538 285 705 336 CICERO’S
731 285 904 335 LETTERS.
1125 287 1186 352 [Ep.
1198 289 1244 337 1v.

199 455 301 520 etiam
325 474 438 518 amore
463 474 571 532 usum,
597 473 683 537 quae
707 461 741 517 te
765 452 974 530 delectarint,
1000 453 1180 531 hominem,
1207 465 1247 521 ut

199 584 262 648 ego
287 583 421 646 semper
444 562 596 640 iudicavi,
624 563 658 624 ln
683 564 774 625 omni
798 561 920 627 iudicio
944 561 1245 645 elegantissimum,

167 692 284 756 2quae
308 692 362 735 me
387 671 488 754 digna
511 669 649 754 putaris,
669 669 841 734 coemisse.
892 670 960 735 Sed
984 671 1085 736 velim
1108 683 1246 737 maneat

200 781 425 863 Damasippus
443 780 476 842 in
495 779 679 856 sententia;
703 799 839 861 prorsus
857 779 948 843 enim
964 800 1005 843 ex
1029 779 1103 844 istis
1126 782 1246 864 empti-

199 889 319 953 onibus
351 888 477 953 nullam
508 888 662 952 desidero
670 909 678 966 ;
711 897 749 951 tu
780 898 894 952 autem
926 887 1062 972 ignarus
1095 888 1246 954 instituti

199 998 274 1074 mei,
292 996 409 1081 quanti
426 1017 489 1080 ego
511 1016 618 1080 genus
643 995 779 1060 omnino
804 995 976 1079 signorum
1000 996 1149 1061 omnium
1174 1019 1244 1062 non

198 1104 349 1180 aestimo,
382 1105 469 1168 tanti
501 1104 566 1168 ista
597 1113 756 1188 quattuor
787 1114 845 1168 aut
877 1104 1026 1188 quinque
1057 1103 1243 1188 sumpsisti.

200 1215 348 1279 Bacchas
371 1213 453 1278 istas
476 1234 553 1278 cum
579 1213 687 1277 Musis
708 1212 839 1276 Metelli
859 1232 1041 1295 comparas.
1092 1213 1182 1296 Quid
1202 1215 1246 1278 si-

199 1323 299 1386 mile?
347 1323 490 1405 primum
508 1321 598 1404 ipsas
615 1341 678 1404 ego
696 1321 812 1384 Musas
829 1341 1011 1405 numquam
1028 1321 1115 1385 tanti
1130 1331 1245 1404 putas-

199 1451 279 1506 sem,
297 1441 398 1514 atque
414 1430 448 1493 id
468 1429 627 1494 fecissem
654 1429 763 1493 Musis
787 1428 942 1493 omnibus
967 1429 1242 1512 approbantibus,

199 1541 257 1604 sed
285 1549 398 1603 tamen
425 1548 494 1602 erat
519 1547 634 1621 aptum
660 1537 884 1602 bibliothecae
906 1537 1093 1620 studiisque
1117 1539 1244 1602 nostris

198 1667 402 1730 congruens;
429 1646 568 1711 Bacchis
585 1666 664 1710 vero
681 1646 739 1709 ubi
755 1655 807 1710 est
825 1647 911 1729 apud
931 1666 985 1709 me
1007 1645 1123 1710 locus?
1173 1647 1243 1711 ‘At

197 1754 382 1838 pulchellae
399 1753 499 1819 sunt!
527 1754 614 1818 Novi
631 1754 758 1837 optime
774 1764 808 1818 et
826 1775 926 1837 saepe
938 1754 1022 1819 vidi:
1044 1755 1242 1819 nominatim

197 1865 258 1928 tibi
276 1864 373 1947 signa
389 1863 470 1927 mihi
487 1873 567 1927 nota
583 1864 803 1939 mandassem,
820 1863 848 1927 si
864 1864 1056 1946 probassem
1066 1884 1074 1941 ;
1096 1884 1136 1927 ea
1151 1864 1242 1928 enim

198 1973 294 2056 signa
311 1993 373 2055 ego
390 1991 500 2036 emere
518 1972 618 2047 sole0‚
636 1991 722 2055 quae
738 1973 780 2035 ad
794 1971 1050 2036 similitudinem
1075 1973 1243 2057 gymnasi·

197 2103 291 2145 orum
316 2090 479 2145 exornent
502 2080 583 2143 mihi
607 2079 641 2142 in
666 2079 832 2162 palaestra
856 2080 975 2144 locum.
1027 2081 1145 2144 Martis
1161 2101 1242 2145 vero

197 2190 332 2273 signum
349 2209 416 2273 quo
440 2188 530 2264 mihi,
549 2188 640 2271 pacis
665 2188 818 2252 auctori?
868 2188 1006 2253 Gaudeo
1031 2188 1158 2253 nullum
1184 2190 1243 2255 Sa-

198 2298 287 2361 turni
305 2297 438 2381 signum
455 2297 576 2374 fuisse;
593 2297 675 2361 haec
692 2297 780 2360 enim
794 2298 860 2360 duo
878 2297 974 2380 signa
989 2307 1141 2379 putarem
1159 2298 1242 2362 mihi

196 2427 254 2471 aes
271 2406 415 2470 alienum
433 2405 596 2470 attulisse.
642 2405 790 2469 Mercuri
807 2405 939 2468 mallem
955 2405 1088 2488 aliquod
1104 2405 1242 2472 luisset:

164 2531 179 2583 ³
196 2514 337 2590 felicius,
352 2523 443 2595 puto,
459 2534 534 2577 cum
552 2512 697 2577 Avianio
713 2513 900 2596 transigere
915 2517 1131 2620 possemusyls
1141 2515 1241 2597 Quod

232 2670 253 2704 2.
273 2655 470 2718 Damasippus
480 2653 532 2702 had
541 2655 693 2718 apparently
743 2653 880 2703 faraman
889 2654 947 2703 who
957 2654 1048 2719 prided
1057 2655 1162 2704 himself
1169 2672 1241 2720 upon

197 2721 328 2786 promised
351 2730 379 2769 to
404 2721 465 2770 take
489 2720 533 2770 the
553 2729 653 2770 statues
672 2721 693 2770 if
744 2721 1022 2785 beingaduxtogatus.
1059 2722 1101 2771 Cf.
1112 2725 1166 2772 Cat.
1176 2737 1198 2787 3.
1209 2737 1241 2789 ²3

197 2789 259 2853 they
271 2788 315 2836 did
328 2796 374 2836 not
386 2789 474 2852 please
493 2788 693 2851 Cicero-ge·
744 2791 822 2851 togati
843 2804 883 2837 me
900 2805 952 2837 una
971 2795 1051 2852 togato
1070 2790 1132 2838 duce
1150 2796 1175 2838 et
1194 2791 1241 2839 im·

121 2907 125 2918 ,
196 2869 252 2906 nus
262 2855 380 2905 omnino
390 2855 540 2919 signorum
553 2855 691 2905 omnium.
739 2861 859 2918 peratore
875 2856 1018 2904 vs'cs'stis.-
1027 2869 1078 2905 aes
1093 2856 1238 2906 alienum:

196 2924 236 2971 all
257 2923 299 2971 tlte
321 2929 413 2971 statues
436 2924 465 2969 in
491 2922 532 2969 the
557 2922 646 2970 world.
660 2949 693 2958 -
745 2922 789 2970 the
801 2921 892 2986 quaint
909 2931 1041 2971 comment
1057 2922 1087 2971 oi
1105 2923 1239 2973 Manutius

199 2990 295 3039 Musis
320 2988 447 3038 Metelli:
477 2995 577 3038 statues
597 2987 623 3035 in
647 2988 692 3036 the
744 2988 776 3038 is:
795 2989 893 3038 Martis
910 2990 977 3036 enim
996 2996 1021 3037 et
1037 2990 1150 3038 Saturni
1164 2991 1239 3053 signa

196 3056 347 3119 possession
371 3055 401 3103 of
430 3054 561 3104 Metellus.
574 3083 606 3091 -
619 3055 691 3104 tanti
745 3057 815 3104 niba
827 3062 978 3118 prosperum
991 3058 1150 3119 promittere,
1162 3063 1240 3104 astro·

197 3131 363 3186 putassem:
387 3139 419 3170 sc.
440 3137 469 3170 as
493 3137 543 3187 you
567 3121 628 3185 pald
651 3121 693 3172 ior
744 3124 797 3186 logi
811 3122 982 3186 confirmant:
1008 3125 1090 3179 stulte,
1109 3124 1156 3186 qui
1175 3124 1240 3172 drai-

197 3204 262 3254 your
275 3189 544 3239 Bacchae—Musis
557 3189 692 3239 omnibus
745 3191 871 3237 nationem
890 3205 977 3237 rerum
990 3190 1158 3253 sutssrarum,
1176 3207 1241 3253 quae

197 3256 436 3320 approbantibus:
452 3255 495 3304 the
509 3256 599 3304 Muses
612 3255 693 3304 them·
744 3257 793 3304 sali
810 3257 865 3304 Dea
883 3262 954 3304 notae
970 3263 1037 3313 sunt,
1055 3257 1092 3305 ad
1106 3273 1178 3304 mam
1197 3258 1240 3305 scs'·

196 3323 280 3370 selves
303 3321 389 3371 would
412 3329 459 3371 not
483 3322 549 3370 have
569 3322 636 3371 been
656 3321 693 3371 ol·
743 3323 837 3371 entiam
860 3323 1171 3372 revocent-Mercuri:
1195 3323 1240 3372 the

196 3388 293 3438 fended
305 3397 332 3438 at
349 3389 428 3452 being
444 3388 518 3438 rated
535 3397 562 3438 at
581 3404 596 3438 a
613 3389 693 3438 lower
743 3389 796 3452 god
819 3390 849 3438 of
870 3389 941 3452 good
965 3388 1033 3446 luck,
1052 3390 1190 3456 especially
1213 3389 1240 3439 in

196 3457 265 3518 price
279 3455 342 3504 than
360 3471 411 3521 you
429 3455 490 3519 paid
507 3456 549 3504 for
568 3456 612 3505 the
631 3457 693 3504 Bac-
743 3471 838 3522 money
847 3463 973 3515 matters}
991 3456 1023 3504 cf.
1037 3456 1104 3504 Hor.
1116 3458 1170 3505 Sat.
1181 3470 1203 3505 2.
1216 3471 1239 3521 3.

196 3523 389 3582 chae-erat,
402 3524 490 3572 would
505 3523 569 3570 have
587 3525 693 3571 been.-
743 3522 775 3571 68
792 3525 880 3571 reiecta
896 3523 1003 3585 praeda,
1020 3539 1098 3586 quam
1117 3531 1240 3586 praesens

197 3590 327 3638 Martis.
347 3623 354 3638 .
372 3625 378 3637 .
397 3589 478 3652 pacis
499 3589 624 3639 auctori:
648 3589 692 3636 the
743 3590 891 3639 Mercurius
903 3591 982 3654 fert,·
1002 3591 1070 3638 Pers.
1089 3589 1112 3638 6.
1130 3589 1161 3638 62
1182 3606 1239 3638 sum

197 3656 314 3704 Bacchae
323 3656 349 3704 in
357 3656 472 3704 Cicero’s
481 3655 560 3720 study
567 3655 652 3703 would
659 3655 692 3703 be
743 3657 790 3704 tibi
799 3656 964 3714 Mercurius-
981 3658 1053 3704 vem'o
1064 3657 1126 3704 deus
1137 3657 1188 3704 huc
1198 3672 1240 3718 ego

195 3721 292 3770 absurd
307 3721 420 3784 enough,
437 3721 483 3770 but
499 3722 544 3770 the
560 3730 646 3770 statue
664 3720 693 3769 ol
743 3728 773 3769 ut
799 3722 844 3771 ille
872 3723 995 3785 pingitur
1002 3737 1012 3779 ;
1047 3721 1098 3770 and
1132 3723 1240 3772 Plautus

197 3789 269 3855 Mars
276 3787 362 3837 would
369 3787 402 3837 be
410 3789 462 3838 still
472 3803 544 3837 more
551 3787 692 3837 ridiculous
743 3789 839 3851 Amph.
850 3789 1076 3848 1-14.—lelicius
1087 3823 1093 3837 .
1108 3823 1115 3837 .
1129 3796 1239 3839 .traus·
