2814 4330
238 295 285 347 132
571 292 739 344 crcnaos
763 291 937 342 narrans.
1077 291 1139 360 [ap.
1152 293 1294 344 xxx1v.
1393 263 1394 272 ³

237 462 294 548 qui
318 462 377 528 uni
401 461 464 525 tibi
487 471 539 526 est
564 461 708 524 maxime
732 459 952 525 necessarius.
1002 459 1099 544 Quae
1128 460 1157 524 si
1183 461 1292 526 etiam

237 571 362 636 maiora
393 579 482 646 sunt,
513 578 546 634 et
579 569 613 632 in
646 569 801 633 omnibus
841 568 983 632 saeculis
1015 568 1191 650 pauciores
1224 570 1292 634 viri

238 679 363 763 reperti
387 689 467 742 sunt
498 678 556 762 qui
588 697 665 742 suas
697 677 899 760 cupiditates
923 697 1023 760 quam
1048 677 1105 760 qui
1133 677 1290 743 hostium
1394 697 1395 706 ¹

238 787 351 870 copias
367 787 550 862 vincerent,
568 795 621 850 est
644 785 797 868 proiecto
821 794 927 861 tuum,
946 805 1022 849 cum
1046 784 1089 849 ad
1112 804 1167 850 res
1193 786 1291 850 belli-

238 917 294 961 cas
311 896 393 960 haec
409 915 495 979 quae
511 895 636 959 rariora
652 904 686 958 et
702 893 890 958 difficiliora
911 903 990 957 sunt
1007 912 1131 977 genera
1147 893 1289 959 virtutis

239 1004 438 1080 adiunxeris,
456 1004 546 1086 ipsas
570 1003 673 1067 etiam
690 1002 764 1066 illas
780 1021 834 1066 res
850 1011 964 1085 gestas
981 1001 1138 1066 iustiores
1155 1021 1234 1066 esse
1252 1014 1288 1067 et

191 1125 222 1177 36
238 1112 381 1177 maiores
397 1122 525 1195 putare.
569 1112 765 1175 Extremum
783 1109 864 1173 illud
881 1119 943 1188 est,
962 1118 1000 1173 ut
1016 1110 1112 1193 quasi
1128 1109 1306 1176 diffidens·

239 1221 406 1305 rogationi
431 1240 524 1284 meae
548 1219 793 1303 philosophiam
817 1219 859 1282 ad
883 1227 918 1282 te
941 1217 1104 1301 adlegem,
1130 1239 1197 1303 qua
1221 1240 1288 1284 nec

240 1329 322 1393 mihi
338 1329 444 1394 carior
460 1328 527 1392 ulla
543 1348 688 1411 unquam
712 1347 765 1392 res
789 1327 823 1390 in
840 1327 910 1391 vita
932 1326 997 1390 fuit
1021 1346 1084 1391 nec
1109 1327 1287 1392 hominum

240 1438 356 1522 generi
379 1437 487 1501 maius
511 1457 531 1500 a
554 1435 618 1500 diis
642 1456 765 1500 munus
793 1435 897 1500 ullum
930 1444 982 1498 est
1010 1435 1135 1500 datum.
1188 1436 1288 1501 Haec

240 1546 343 1630 igitur
366 1566 452 1629 quae
479 1545 562 1608 mihi
586 1554 698 1609 tecum
723 1543 911 1608 communis
935 1552 987 1607 est
1013 1542 1157 1608 societas
1182 1544 1289 1609 studi-

241 1674 335 1718 orum
352 1663 453 1737 atque
469 1653 591 1718 artium
611 1661 811 1728 nostrarum,
829 1651 950 1736 quibus
974 1672 995 1715 a
1018 1651 1162 1734 pueritia
1177 1653 1288 1717 dediti
1396 1703 1397 1714 ,

184 1832 186 1836 ,
241 1785 280 1828 ac
297 1761 445 1826 devincti
470 1761 533 1826 soli
557 1762 797 1845 propemodum
823 1781 885 1824 nos
909 1760 1154 1842 philosophiam
1169 1781 1287 1826 veram

241 1872 331 1935 illam
348 1882 382 1935 et
398 1871 580 1955 antiquam,
599 1890 685 1954 quae
700 1869 900 1953 quibusdam
917 1869 966 1932 oti
982 1888 1057 1932 esse
1080 1888 1119 1932 ac
1135 1868 1289 1934 desidiae

241 1980 381 2055 videtur,
401 1980 435 2042 in
450 1979 560 2042 forum
578 1986 678 2063 atque
695 1978 730 2042 in
747 1998 817 2041 rem
834 1998 866 2060 p.
883 1987 985 2060 atque
1002 1977 1036 2042 in
1053 1977 1159 2060 ipsam
1176 1978 1286 2043 aciem

242 2108 348 2172 paene
365 2082 571 2162 deduximus,
590 2097 702 2151 tecum
719 2085 789 2169 agit
807 2087 849 2150 de
866 2106 941 2149 mea
964 2085 1071 2161 laude,
1089 2085 1143 2150 cui
1167 2086 1288 2170 negari

242 2219 262 2260 a
278 2196 407 2261 Catone
423 2196 475 2260 fas
492 2215 567 2259 esse
584 2215 651 2259 non
668 2203 760 2277 puto.
809 2194 1037 2279 Quamobrem
1054 2193 1117 2257 tibi
1141 2193 1189 2258 sic
1214 2213 1289 2276 per-

242 2306 383 2370 suadeas
400 2304 515 2368 velim:
540 2305 568 2368 si
585 2303 667 2366 mihi
684 2313 744 2367 tua
760 2303 929 2368 sententia
944 2303 1092 2366 tributus
1111 2302 1219 2366 honos
1243 2322 1288 2366 ex

242 2414 325 2478 meis
341 2413 463 2476 litteris
479 2413 593 2488 fuerit,
612 2431 666 2476 me
682 2411 731 2476 sic
747 2411 1025 2486 existimaturum,
1044 2430 1119 2475 cum
1144 2410 1288 2474 auctori-

242 2533 313 2586 tate
330 2532 398 2597 tua,
417 2531 490 2585 turn
508 2520 743 2585 benevolentia
761 2539 840 2603 erga
856 2539 910 2583 me
927 2519 1017 2595 mihi,
1036 2519 1125 2603 quod
1142 2517 1287 2584 maxime

238 2630 413 2714 cupierim,
431 2629 626 2712 contigisse.

244 2788 440 2844 Ariobarzanes,
448 2785 568 2848 cf.6;for
577 2787 618 2837 his
627 2787 739 2838 services
789 2785 909 2836 effective
917 2784 1001 2835 useof
1008 2785 1054 2836 the
1063 2776 1287 2850 propernounfor

243 2862 271 2903 to
284 2856 395 2921 Cyprus,
407 2853 525 2918 efisalso,
539 2868 552 2902 2
565 2870 590 2904 n.
790 2853 835 2903 the
846 2867 974 2917 pronoun,
987 2852 1020 2902 cf.
1032 2854 1105 2902 Fam.
1120 2866 1142 2900 2.
1154 2866 1178 2913 4.
1192 2866 1203 2900 r
1221 2854 1289 2916 quid

279 2921 316 2971 16.
334 2921 549 2985 philosophiam
560 2935 671 2970 voram:
684 2921 739 2970 Cic·
789 2927 825 2969 est
835 2921 905 2984 quod
908 2922 992 2983 possit
1002 2921 1121 2983 graviter
1134 2936 1151 2968 a
1166 2920 1287 2970 Cicerone

243 3003 295 3046 ero,
312 2988 339 3036 in
356 2987 444 3037 sofar
460 3002 490 3037 as
510 2987 593 3037 ethica
610 3002 663 3036 was
681 3002 740 3036 con·
789 2987 867 3036 scribi
881 2989 919 3036 ad
938 2988 1073 3036 Cun'onem
1094 2985 1205 3050 (instead
1223 2984 1253 3034 of
1269 3003 1287 3035 a

243 3054 344 3112 eemed,
357 3069 417 3113 was,
428 3055 481 3103 like
499 3056 575 3112 Cato,
587 3070 603 3104 a
622 3054 740 3104 Stoic.-
790 3069 829 3102 me
839 3054 917 3104 scribi
926 3055 964 3102 ad
972 3053 1005 3116 te)
1014 3054 1064 3102 i-
1073 3066 1108 3102 ex
1120 3052 1193 3102 meis
1207 3051 1287 3102 litte-

244 3135 317 3186 quae
339 3156 346 3171 .
366 3156 373 3170 .
393 3156 401 3170 .
418 3121 548 3170 videtur:
578 3120 623 3170 tho
651 3121 739 3170 innata
790 3119 843 3170 ris:
860 3121 898 3168 ele.
912 3134 947 3168 on
959 3119 1004 3168 the
1022 3119 1092 3169 basis
1109 3118 1138 3167 of
1155 3119 1200 3167 the
1217 3118 1286 3168 facts

243 3188 376 3253 prejudice
396 3187 426 3236 oi
442 3187 487 3237 the
504 3189 621 3237 Romans
637 3187 739 3252 against
789 3185 875 3236 stated
892 3186 918 3235 in
936 3186 988 3236 this
1005 3186 1082 3236 letter
1098 3183 1150 3234 and
1168 3185 1193 3233 in
1209 3187 1286 3234 Fam.

244 3255 312 3304 what
325 3255 417 3304 Cicero
433 3254 572 3304 elsewhere
585 3254 650 3318 (Att.
663 3267 685 3302 a.
700 3254 738 3304 16.
792 3264 829 3318 15.
844 3265 854 3300 1
869 3253 920 3302 and
933 3267 955 3309 2,
968 3250 1111 3302 addressed
1128 3260 1156 3301 to
1172 3251 1218 3301 the
1230 3267 1287 3302 sen·

244 3321 270 3386 3)
284 3322 347 3371 oalls
363 3321 376 3369 ὁ
393 3322 534 3382 θεωρητικὸς
550 3322 602 3382 βίος
614 3335 666 3369 was
678 3335 739 3386 very
788 3327 839 3368 ate.
885 3320 938 3368 For
959 3321 1060 3370 litterae
1078 3317 1108 3368 of
1124 3333 1197 3367 more
1219 3319 1286 3367 than

243 3396 406 3452 strong.-a
419 3387 529 3437 catone
540 3404 548 3436 ι
560 3385 604 3436 for
614 3400 632 3436 a
641 3386 740 3437 similar
789 3399 840 3434 one
852 3384 936 3459 letter,
948 3385 982 3435 cf.
995 3386 1044 3450 Ep.
1057 3384 1158 3434 XCIX.
1172 3397 1183 3432 r
1197 3397 1225 3434 n.
