<?xml version="1.0" encoding="UTF-8"?>
<!DOCTYPE html PUBLIC "-//W3C//DTD XHTML 1.0 Transitional//EN"
    "http://www.w3.org/TR/xhtml1/DTD/xhtml1-transitional.dtd">
<html xmlns="http://www.w3.org/1999/xhtml" xml:lang="en" lang="en">
 <head>
  <title>
</title>
<meta http-equiv="Content-Type" content="text/html;charset=utf-8" />
  <meta name='ocr-system' content='tesseract 3.04.00' />
  <meta name='ocr-capabilities' content='ocr_page ocr_carea ocr_par ocr_line ocrx_word'/>
</head>
<body>
  <div class='ocr_page' id='page_1' title='image "./selectedletters03cicegoog_0365.png"; bbox 0 0 2780 4332; ppageno 0'>
   <div class='ocr_carea' id='block_1_1' title="bbox 223 289 927 343">
    <p class='ocr_par' dir='ltr' id='par_1_1' title="bbox 223 289 927 343">
     <span class='ocr_line' id='line_1_1' title="bbox 223 289 927 343; baseline 0.001 -1"><span class='ocrx_word' id='word_1_1' title='bbox 223 289 272 342; x_wconf 78' lang='lat'><strong>284</strong></span> <span class='ocrx_word' id='word_1_2' title='bbox 561 291 728 342; x_wconf 86' lang='lat' dir='ltr'><strong>CICERO&#39;S</strong></span> <span class='ocrx_word' id='word_1_3' title='bbox 753 293 927 343; x_wconf 85' lang='lat' dir='ltr'><strong>LETTERS.</strong></span> 
     </span>
    </p>
   </div>
   <div class='ocr_carea' id='block_1_2' title="bbox 1093 295 1279 361">
    <p class='ocr_par' dir='ltr' id='par_1_2' title="bbox 1093 295 1279 361">
     <span class='ocr_line' id='line_1_2' title="bbox 1093 295 1279 361; baseline 0.022 -17"><span class='ocrx_word' id='word_1_4' title='bbox 1093 295 1155 361; x_wconf 86' lang='lat' dir='ltr'><strong>[Ep.</strong></span> <span class='ocrx_word' id='word_1_5' title='bbox 1170 297 1279 348; x_wconf 87' lang='lat' dir='ltr'><strong>XCIX.</strong></span> 
     </span>
    </p>
   </div>
   <div class='ocr_carea' id='block_1_3' title="bbox 223 459 1278 871">
    <p class='ocr_par' dir='ltr' id='par_1_3' title="bbox 223 459 1278 871">
     <span class='ocr_line' id='line_1_3' title="bbox 225 459 1277 535; baseline 0.007 -13"><span class='ocrx_word' id='word_1_6' title='bbox 225 479 399 523; x_wconf 88' lang='lat' dir='ltr'><strong>occurrere</strong></span> <span class='ocrx_word' id='word_1_7' title='bbox 438 460 479 535; x_wconf 93' lang='lat' dir='ltr'><strong>ei,</strong></span> <span class='ocrx_word' id='word_1_8' title='bbox 512 460 567 523; x_wconf 91' lang='lat' dir='ltr'><strong>cui</strong></span> <span class='ocrx_word' id='word_1_9' title='bbox 608 459 678 524; x_wconf 92' lang='lat' dir='ltr'><strong>scio</strong></span> <span class='ocrx_word' id='word_1_10' title='bbox 710 479 775 524; x_wconf 91' lang='lat' dir='ltr'><strong>nec</strong></span> <span class='ocrx_word' id='word_1_11' title='bbox 812 460 989 524; x_wconf 85' lang='lat' dir='ltr'><strong>consilium</strong></span> <span class='ocrx_word' id='word_1_12' title='bbox 1024 483 1089 527; x_wconf 91' lang='lat' dir='ltr'><strong>nec</strong></span> <span class='ocrx_word' id='word_1_13' title='bbox 1120 465 1277 530; x_wconf 85' lang='lat' dir='ltr'><strong>animum</strong></span> 
     </span>
     <span class='ocr_line' id='line_1_4' title="bbox 223 568 1278 651; baseline 0.008 -21"><span class='ocrx_word' id='word_1_14' title='bbox 223 568 427 632; x_wconf 80' lang='lat' dir='ltr'><strong>defuturum.</strong></span> <span class='ocrx_word' id='word_1_15' title='bbox 478 569 552 651; x_wconf 88' lang='lat' dir='ltr'><strong>Ego</strong></span> <span class='ocrx_word' id='word_1_16' title='bbox 576 577 700 644; x_wconf 90' lang='lat' dir='ltr'><strong>tamen,</strong></span> <span class='ocrx_word' id='word_1_17' title='bbox 727 568 756 632; x_wconf 92' lang='lat' dir='ltr'><strong>si</strong></span> <span class='ocrx_word' id='word_1_18' title='bbox 781 568 814 632; x_wconf 94' lang='lat' dir='ltr'><strong>id</strong></span> <span class='ocrx_word' id='word_1_19' title='bbox 839 569 1007 646; x_wconf 88' lang='lat' dir='ltr'><strong>acciderit,</strong></span> <span class='ocrx_word' id='word_1_20' title='bbox 1025 571 1167 636; x_wconf 84' lang='lat' dir='ltr'><strong>fratrem</strong></span> <span class='ocrx_word' id='word_1_21' title='bbox 1195 594 1278 638; x_wconf 92' lang='lat' dir='ltr'><strong>cum</strong></span> 
     </span>
     <span class='ocr_line' id='line_1_5' title="bbox 223 676 1277 760; baseline 0.007 -21"><span class='ocrx_word' id='word_1_22' title='bbox 223 676 374 760; x_wconf 89' lang='lat' dir='ltr'><strong>equitatu</strong></span> <span class='ocrx_word' id='word_1_23' title='bbox 415 677 544 740; x_wconf 88' lang='lat' dir='ltr'><strong>mittam</strong></span> <span class='ocrx_word' id='word_1_24' title='bbox 574 677 632 760; x_wconf 92' lang='lat' dir='ltr'><strong>qui</strong></span> <span class='ocrx_word' id='word_1_25' title='bbox 673 687 841 760; x_wconf 88' lang='lat' dir='ltr'><strong>sequatur,</strong></span> <span class='ocrx_word' id='word_1_26' title='bbox 871 677 1002 741; x_wconf 89' lang='lat' dir='ltr'><strong>ltaliam</strong></span> <span class='ocrx_word' id='word_1_27' title='bbox 1031 700 1051 743; x_wconf 94' lang='lat' dir='ltr'><strong>a</strong></span> <span class='ocrx_word' id='word_1_28' title='bbox 1078 681 1277 747; x_wconf 88' lang='lat' dir='ltr'><strong>vastatione</strong></span> 
     </span>
     <span class='ocr_line' id='line_1_6' title="bbox 223 785 1059 871; baseline 0.005 -22"><span class='ocrx_word' id='word_1_29' title='bbox 223 785 392 850; x_wconf 77' lang='lat' dir='ltr'><strong>defendat.</strong></span> <span class='ocrx_word' id='word_1_30' title='bbox 443 787 511 851; x_wconf 91' lang='lat' dir='ltr'><strong>Fac</strong></span> <span class='ocrx_word' id='word_1_31' title='bbox 528 785 638 848; x_wconf 88' lang='lat' dir='ltr'><strong>valeas</strong></span> <span class='ocrx_word' id='word_1_32' title='bbox 656 805 778 869; x_wconf 90' lang='lat' dir='ltr'><strong>meque</strong></span> <span class='ocrx_word' id='word_1_33' title='bbox 794 795 911 850; x_wconf 92' lang='lat' dir='ltr'><strong>mutuo</strong></span> <span class='ocrx_word' id='word_1_34' title='bbox 929 786 1059 871; x_wconf 86' lang='lat' dir='ltr'><strong>diligas.</strong></span> 
     </span>
    </p>
   </div>
   <div class='ocr_carea' id='block_1_4' title="bbox 523 1036 970 1123">
    <p class='ocr_par' dir='ltr' id='par_1_4' title="bbox 523 1036 970 1123">
     <span class='ocr_line' id='line_1_7' title="bbox 523 1036 970 1123; baseline 0.002 -23"><span class='ocrx_word' id='word_1_35' title='bbox 523 1036 651 1101; x_wconf 93' lang='lat' dir='ltr'><strong>XCIX.</strong></span> <span class='ocrx_word' id='word_1_36' title='bbox 703 1037 807 1123; x_wconf 79' lang='lat' dir='ltr'><strong>(Fam.</strong></span> <span class='ocrx_word' id='word_1_37' title='bbox 832 1055 880 1102; x_wconf 92' lang='lat'><strong>11.</strong></span> <span class='ocrx_word' id='word_1_38' title='bbox 904 1039 970 1123; x_wconf 83' lang='lat'><strong>12.)</strong></span> 
     </span>
    </p>
   </div>
   <div class='ocr_carea' id='block_1_5' title="bbox 357 1210 1135 1264">
    <p class='ocr_par' dir='ltr' id='par_1_5' title="bbox 357 1210 1135 1264">
     <span class='ocr_line' id='line_1_8' title="bbox 357 1210 1135 1264; baseline 0.001 -4"><span class='ocrx_word' id='word_1_39' title='bbox 357 1211 393 1260; x_wconf 90' lang='lat' dir='ltr'><strong>M.</strong></span> <span class='ocrx_word' id='word_1_40' title='bbox 411 1210 549 1260; x_wconf 84' lang='lat' dir='ltr'><strong>CICERO</strong></span> <span class='ocrx_word' id='word_1_41' title='bbox 568 1211 594 1260; x_wconf 87' lang='lat' dir='ltr'><strong>S.</strong></span> <span class='ocrx_word' id='word_1_42' title='bbox 612 1213 645 1259; x_wconf 95' lang='lat' dir='ltr'><strong>D.</strong></span> <span class='ocrx_word' id='word_1_43' title='bbox 664 1213 698 1260; x_wconf 91' lang='grc' dir='ltr'><strong>Ι).</strong></span> <span class='ocrx_word' id='word_1_44' title='bbox 718 1212 842 1262; x_wconf 91' lang='lat' dir='ltr'><strong>BRVTO</strong></span> <span class='ocrx_word' id='word_1_45' title='bbox 863 1213 935 1261; x_wconf 92' lang='lat' dir='ltr'><strong>lMP.</strong></span> <span class='ocrx_word' id='word_1_46' title='bbox 957 1213 1033 1263; x_wconf 89' lang='lat' dir='ltr'><strong>COS.</strong></span> <span class='ocrx_word' id='word_1_47' title='bbox 1054 1214 1135 1264; x_wconf 89' lang='lat' dir='ltr'><strong>DES.</strong></span> 
     </span>
    </p>
   </div>
   <div class='ocr_carea' id='block_1_6' title="bbox 192 1345 1272 2187">
    <p class='ocr_par' dir='ltr' id='par_1_6' title="bbox 192 1345 1272 2187">
     <span class='ocr_line' id='line_1_9' title="bbox 192 1345 1272 1428; baseline 0.005 -20"><span class='ocrx_word' id='word_1_48' title='bbox 192 1365 202 1400; x_wconf 88' lang='lat'>1</span> <span class='ocrx_word' id='word_1_49' title='bbox 269 1345 353 1410; x_wconf 91' lang='lat' dir='ltr'><strong>Tres</strong></span> <span class='ocrx_word' id='word_1_50' title='bbox 382 1366 448 1408; x_wconf 92' lang='lat' dir='ltr'><strong>uno</strong></span> <span class='ocrx_word' id='word_1_51' title='bbox 473 1346 527 1408; x_wconf 93' lang='lat' dir='ltr'><strong>die</strong></span> <span class='ocrx_word' id='word_1_52' title='bbox 552 1367 571 1408; x_wconf 93' lang='lat' dir='ltr'><strong>a</strong></span> <span class='ocrx_word' id='word_1_53' title='bbox 592 1355 627 1408; x_wconf 88' lang='lat' dir='ltr'><strong>te</strong></span> <span class='ocrx_word' id='word_1_54' title='bbox 652 1346 766 1427; x_wconf 90' lang='lat' dir='ltr'><strong>accepi</strong></span> <span class='ocrx_word' id='word_1_55' title='bbox 793 1347 979 1428; x_wconf 87' lang='lat' dir='ltr'>epistulas:</span> <span class='ocrx_word' id='word_1_56' title='bbox 1002 1368 1102 1410; x_wconf 90' lang='lat' dir='ltr'><strong>unam</strong></span> <span class='ocrx_word' id='word_1_57' title='bbox 1121 1350 1272 1426; x_wconf 88' lang='lat' dir='ltr'><strong>brevem,</strong></span> 
     </span>
     <span class='ocr_line' id='line_1_10' title="bbox 222 1453 1272 1539; baseline 0.003 -22"><span class='ocrx_word' id='word_1_58' title='bbox 222 1474 321 1536; x_wconf 92' lang='lat' dir='ltr'><strong>quam</strong></span> <span class='ocrx_word' id='word_1_59' title='bbox 341 1453 460 1517; x_wconf 90' lang='lat' dir='ltr'><strong>Flacco</strong></span> <span class='ocrx_word' id='word_1_60' title='bbox 474 1454 654 1526; x_wconf 79' lang='lat' dir='ltr'><strong>Volumnio</strong></span> <span class='ocrx_word' id='word_1_61' title='bbox 672 1455 821 1529; x_wconf 86' lang='lat' dir='ltr'>dederas,</span> <span class='ocrx_word' id='word_1_62' title='bbox 837 1456 918 1518; x_wconf 89' lang='lat' dir='ltr'><strong>duas</strong></span> <span class='ocrx_word' id='word_1_63' title='bbox 935 1455 1113 1537; x_wconf 90' lang='lat' dir='ltr'><strong>pleniores,</strong></span> <span class='ocrx_word' id='word_1_64' title='bbox 1129 1478 1272 1539; x_wconf 87' lang='lat' dir='ltr'><strong>quarum</strong></span> 
     </span>
     <span class='ocr_line' id='line_1_11' title="bbox 222 1561 1272 1637; baseline 0.002 -12"><span class='ocrx_word' id='word_1_65' title='bbox 222 1561 359 1626; x_wconf 90' lang='lat' dir='ltr'><strong>alteram</strong></span> <span class='ocrx_word' id='word_1_66' title='bbox 378 1561 571 1624; x_wconf 85' lang='lat' dir='ltr'><strong>tabellarius</strong></span> <span class='ocrx_word' id='word_1_67' title='bbox 589 1563 628 1626; x_wconf 70' lang='lat' dir='ltr'><strong>T.</strong></span> <span class='ocrx_word' id='word_1_68' title='bbox 649 1562 728 1625; x_wconf 91' lang='lat' dir='ltr'><strong>Vibi</strong></span> <span class='ocrx_word' id='word_1_69' title='bbox 746 1563 869 1637; x_wconf 90' lang='lat' dir='ltr'><strong>attulit,</strong></span> <span class='ocrx_word' id='word_1_70' title='bbox 888 1562 1026 1625; x_wconf 85' lang='lat' dir='ltr'><strong>alteram</strong></span> <span class='ocrx_word' id='word_1_71' title='bbox 1047 1563 1161 1627; x_wconf 89' lang='lat' dir='ltr'><strong>adme</strong></span> <span class='ocrx_word' id='word_1_72' title='bbox 1179 1565 1272 1628; x_wconf 91' lang='lat' dir='ltr'><strong>misit</strong></span> 
     </span>
     <span class='ocr_line' id='line_1_12' title="bbox 224 1669 1271 1751; baseline 0.002 -18"><span class='ocrx_word' id='word_1_73' title='bbox 224 1670 349 1751; x_wconf 84' lang='lat' dir='ltr'><strong>Lupus</strong></span> <span class='ocrx_word' id='word_1_74' title='bbox 400 1670 453 1732; x_wconf 90' lang='lat' dir='ltr'><strong>Ex</strong></span> <span class='ocrx_word' id='word_1_75' title='bbox 480 1670 546 1733; x_wconf 91' lang='lat' dir='ltr'><strong>tuis</strong></span> <span class='ocrx_word' id='word_1_76' title='bbox 574 1669 695 1733; x_wconf 87' lang='lat' dir='ltr'><strong>litteris</strong></span> <span class='ocrx_word' id='word_1_77' title='bbox 725 1680 758 1733; x_wconf 93' lang='lat' dir='ltr'><strong>et</strong></span> <span class='ocrx_word' id='word_1_78' title='bbox 786 1691 826 1734; x_wconf 86' lang='lat' dir='ltr'><strong>ex</strong></span> <span class='ocrx_word' id='word_1_79' title='bbox 855 1671 996 1735; x_wconf 88' lang='lat' dir='ltr'><strong>Graecei</strong></span> <span class='ocrx_word' id='word_1_80' title='bbox 1020 1672 1172 1736; x_wconf 88' lang='lat' dir='ltr'><strong>oratione</strong></span> <span class='ocrx_word' id='word_1_81' title='bbox 1201 1694 1271 1736; x_wconf 91' lang='lat' dir='ltr'><strong>non</strong></span> 
     </span>
     <span class='ocr_line' id='line_1_13' title="bbox 222 1778 1269 1844; baseline 0.003 -4"><span class='ocrx_word' id='word_1_82' title='bbox 222 1779 320 1842; x_wconf 94' lang='lat' dir='ltr'><strong>modo</strong></span> <span class='ocrx_word' id='word_1_83' title='bbox 345 1798 412 1841; x_wconf 92' lang='lat' dir='ltr'><strong>non</strong></span> <span class='ocrx_word' id='word_1_84' title='bbox 438 1779 635 1842; x_wconf 86' lang='lat' dir='ltr'><strong>restinctum</strong></span> <span class='ocrx_word' id='word_1_85' title='bbox 662 1778 786 1842; x_wconf 90' lang='lat' dir='ltr'><strong>bellum</strong></span> <span class='ocrx_word' id='word_1_86' title='bbox 813 1779 996 1843; x_wconf 88' lang='lat' dir='ltr'><strong>sedetiam</strong></span> <span class='ocrx_word' id='word_1_87' title='bbox 1023 1779 1269 1844; x_wconf 90' lang='lat' dir='ltr'><strong>inflammatum</strong></span> 
     </span>
     <span class='ocr_line' id='line_1_14' title="bbox 221 1887 1270 1970; baseline 0.002 -20"><span class='ocrx_word' id='word_1_88' title='bbox 221 1887 360 1950; x_wconf 86' lang='lat' dir='ltr'><strong>videtur.</strong></span> <span class='ocrx_word' id='word_1_89' title='bbox 412 1887 489 1950; x_wconf 93' lang='lat' dir='ltr'><strong>Non</strong></span> <span class='ocrx_word' id='word_1_90' title='bbox 523 1887 638 1949; x_wconf 93' lang='lat' dir='ltr'><strong>dubito</strong></span> <span class='ocrx_word' id='word_1_91' title='bbox 671 1897 783 1951; x_wconf 87' lang='lat' dir='ltr'><strong>autem</strong></span> <span class='ocrx_word' id='word_1_92' title='bbox 816 1909 876 1969; x_wconf 93' lang='lat' dir='ltr'><strong>pro</strong></span> <span class='ocrx_word' id='word_1_93' title='bbox 908 1896 966 1951; x_wconf 90' lang='lat' dir='ltr'><strong>tua</strong></span> <span class='ocrx_word' id='word_1_94' title='bbox 998 1889 1162 1970; x_wconf 87' lang='lat' dir='ltr'><strong>singulari</strong></span> <span class='ocrx_word' id='word_1_95' title='bbox 1193 1910 1270 1970; x_wconf 92' lang='lat' dir='ltr'><strong>pru-</strong></span> 
     </span>
     <span class='ocr_line' id='line_1_15' title="bbox 222 1995 1270 2078; baseline 0.003 -20"><span class='ocrx_word' id='word_1_96' title='bbox 222 1995 336 2058; x_wconf 89' lang='lat' dir='ltr'><strong>dentia</strong></span> <span class='ocrx_word' id='word_1_97' title='bbox 363 1995 443 2078; x_wconf 91' lang='lat' dir='ltr'><strong>quin</strong></span> <span class='ocrx_word' id='word_1_98' title='bbox 471 1995 663 2078; x_wconf 88' lang='lat' dir='ltr'><strong>perspicias,</strong></span> <span class='ocrx_word' id='word_1_99' title='bbox 685 1995 713 2058; x_wconf 92' lang='lat' dir='ltr'><strong>si</strong></span> <span class='ocrx_word' id='word_1_100' title='bbox 741 1995 865 2078; x_wconf 88' lang='lat' dir='ltr'><strong>aliquid</strong></span> <span class='ocrx_word' id='word_1_101' title='bbox 892 1995 1058 2060; x_wconf 89' lang='lat' dir='ltr'><strong>firmitatis</strong></span> <span class='ocrx_word' id='word_1_102' title='bbox 1082 2007 1201 2060; x_wconf 89' lang='lat' dir='ltr'><strong>nactus</strong></span> <span class='ocrx_word' id='word_1_103' title='bbox 1223 1997 1270 2061; x_wconf 87' lang='lat' dir='ltr'><strong>sit</strong></span> 
     </span>
     <span class='ocr_line' id='line_1_16' title="bbox 222 2102 1269 2187; baseline 0.002 -20"><span class='ocrx_word' id='word_1_104' title='bbox 222 2102 402 2178; x_wconf 79' lang='lat' dir='ltr'><strong>Antonine,</strong></span> <span class='ocrx_word' id='word_1_105' title='bbox 421 2103 532 2166; x_wconf 90' lang='lat' dir='ltr'><strong>omnia</strong></span> <span class='ocrx_word' id='word_1_106' title='bbox 551 2113 610 2166; x_wconf 90' lang='lat' dir='ltr'><strong>tua</strong></span> <span class='ocrx_word' id='word_1_107' title='bbox 627 2103 683 2166; x_wconf 90' lang='lat' dir='ltr'><strong>illa</strong></span> <span class='ocrx_word' id='word_1_108' title='bbox 699 2105 868 2185; x_wconf 90' lang='lat' dir='ltr'><strong>praeclara</strong></span> <span class='ocrx_word' id='word_1_109' title='bbox 891 2105 925 2166; x_wconf 92' lang='lat' dir='ltr'><strong>in</strong></span> <span class='ocrx_word' id='word_1_110' title='bbox 947 2124 1017 2167; x_wconf 91' lang='lat' dir='ltr'><strong>rem</strong></span> <span class='ocrx_word' id='word_1_111' title='bbox 1040 2126 1072 2187; x_wconf 94' lang='lat' dir='ltr'><strong>p.</strong></span> <span class='ocrx_word' id='word_1_112' title='bbox 1090 2105 1210 2169; x_wconf 88' lang='lat' dir='ltr'><strong>merita</strong></span> <span class='ocrx_word' id='word_1_113' title='bbox 1227 2107 1269 2169; x_wconf 94' lang='lat' dir='ltr'><strong>ad</strong></span> 
     </span>
    </p>
   </div>
   <div class='ocr_carea' id='block_1_7' title="bbox 220 2261 1271 2861">
    <p class='ocr_par' dir='ltr' id='par_1_7' title="bbox 220 2261 1271 2528">
     <span class='ocr_line' id='line_1_17' title="bbox 221 2261 1270 2326; baseline 0.001 -17"><span class='ocrx_word' id='word_1_114' title='bbox 221 2262 294 2310; x_wconf 86' lang='lat' dir='ltr'><strong>Fam.</strong></span> <span class='ocrx_word' id='word_1_115' title='bbox 319 2274 355 2309; x_wconf 89' lang='lat'><strong>11.</strong></span> <span class='ocrx_word' id='word_1_116' title='bbox 376 2275 413 2310; x_wconf 85' lang='lat'><strong>10.</strong></span> <span class='ocrx_word' id='word_1_117' title='bbox 432 2275 447 2321; x_wconf 86' lang='lat'>4</span> <span class='ocrx_word' id='word_1_118' title='bbox 468 2261 577 2323; x_wconf 85' lang='lat' dir='ltr'><strong>(written</strong></span> <span class='ocrx_word' id='word_1_119' title='bbox 600 2261 660 2326; x_wconf 90' lang='lat' dir='ltr'><strong>May</strong></span> <span class='ocrx_word' id='word_1_120' title='bbox 683 2261 715 2326; x_wconf 71' lang='lat'><strong>5).</strong></span> <span class='ocrx_word' id='word_1_121' title='bbox 765 2279 858 2318; x_wconf 88' lang='lat' dir='ltr'><strong>es,cur</strong></span> <span class='ocrx_word' id='word_1_122' title='bbox 873 2265 973 2324; x_wconf 82' lang='lat' dir='ltr'><strong>saepius</strong></span> <span class='ocrx_word' id='word_1_123' title='bbox 988 2264 1075 2311; x_wconf 83' lang='lat' dir='ltr'><strong>adme</strong></span> <span class='ocrx_word' id='word_1_124' title='bbox 1092 2265 1193 2311; x_wconf 84' lang='lat' dir='ltr'><strong>litteras</strong></span> <span class='ocrx_word' id='word_1_125' title='bbox 1215 2279 1270 2311; x_wconf 85' lang='lat' dir='ltr'><strong>uno</strong></span> 
     </span>
     <span class='ocr_line' id='line_1_18' title="bbox 222 2327 1270 2394; baseline 0.002 -18"><span class='ocrx_word' id='word_1_126' title='bbox 222 2327 279 2376; x_wconf 91' lang='lat' dir='ltr'><strong>The</strong></span> <span class='ocrx_word' id='word_1_127' title='bbox 290 2327 394 2391; x_wconf 81' lang='lat' dir='ltr'><strong>general</strong></span> <span class='ocrx_word' id='word_1_128' title='bbox 406 2329 467 2392; x_wconf 89' lang='lat' dir='ltr'><strong>plan</strong></span> <span class='ocrx_word' id='word_1_129' title='bbox 485 2327 603 2383; x_wconf 88' lang='lat' dir='ltr'><strong>outlined</strong></span> <span class='ocrx_word' id='word_1_130' title='bbox 621 2328 646 2376; x_wconf 92' lang='lat' dir='ltr'><strong>in</strong></span> <span class='ocrx_word' id='word_1_131' title='bbox 665 2328 717 2377; x_wconf 88' lang='lat' dir='ltr'><strong>this</strong></span> <span class='ocrx_word' id='word_1_132' title='bbox 764 2331 878 2391; x_wconf 81' lang='lat' dir='ltr'><strong>exempla</strong></span> <span class='ocrx_word' id='word_1_133' title='bbox 891 2328 931 2394; x_wconf 79' lang='lat' dir='ltr'><strong>(of</strong></span> <span class='ocrx_word' id='word_1_134' title='bbox 948 2328 993 2377; x_wconf 87' lang='lat' dir='ltr'><strong>the</strong></span> <span class='ocrx_word' id='word_1_135' title='bbox 1004 2344 1076 2378; x_wconf 90' lang='lat' dir='ltr'><strong>same</strong></span> <span class='ocrx_word' id='word_1_136' title='bbox 1089 2328 1175 2393; x_wconf 88' lang='lat' dir='ltr'><strong>tenor)</strong></span> <span class='ocrx_word' id='word_1_137' title='bbox 1189 2331 1270 2378; x_wconf 84' lang='lat' dir='ltr'><strong>dedis-</strong></span> 
     </span>
     <span class='ocr_line' id='line_1_19' title="bbox 220 2394 1271 2460; baseline 0.003 -18"><span class='ocrx_word' id='word_1_138' title='bbox 220 2395 298 2443; x_wconf 90' lang='lat' dir='ltr'><strong>letter</strong></span> <span class='ocrx_word' id='word_1_139' title='bbox 320 2410 372 2444; x_wconf 83' lang='lat' dir='ltr'><strong>was</strong></span> <span class='ocrx_word' id='word_1_140' title='bbox 391 2410 469 2444; x_wconf 89' lang='lat' dir='ltr'><strong>never</strong></span> <span class='ocrx_word' id='word_1_141' title='bbox 489 2394 587 2443; x_wconf 84' lang='lat' dir='ltr'><strong>carried</strong></span> <span class='ocrx_word' id='word_1_142' title='bbox 606 2402 653 2443; x_wconf 93' lang='lat' dir='ltr'><strong>out</strong></span> <span class='ocrx_word' id='word_1_143' title='bbox 673 2395 717 2460; x_wconf 79' lang='lat' dir='ltr'><strong>(cf.</strong></span> <span class='ocrx_word' id='word_1_144' title='bbox 764 2411 808 2452; x_wconf 85' lang='lat' dir='ltr'><strong>ses,</strong></span> <span class='ocrx_word' id='word_1_145' title='bbox 824 2397 896 2444; x_wconf 86' lang='lat' dir='ltr'><strong>Fam.</strong></span> <span class='ocrx_word' id='word_1_146' title='bbox 913 2411 936 2455; x_wconf 86' lang='lat'><strong>4.</strong></span> <span class='ocrx_word' id='word_1_147' title='bbox 954 2410 978 2456; x_wconf 84' lang='lat'><strong>4.</strong></span> <span class='ocrx_word' id='word_1_148' title='bbox 999 2408 1026 2455; x_wconf 92' lang='lat'><strong>1;</strong></span> <span class='ocrx_word' id='word_1_149' title='bbox 1044 2412 1123 2445; x_wconf 87' lang='lat' dir='ltr'><strong>raras</strong></span> <span class='ocrx_word' id='word_1_150' title='bbox 1139 2403 1197 2446; x_wconf 87' lang='lat' dir='ltr'><strong>tuas</strong></span> <span class='ocrx_word' id='word_1_151' title='bbox 1213 2399 1271 2460; x_wconf 82' lang='lat' dir='ltr'><strong>qui-</strong></span> 
     </span>
     <span class='ocr_line' id='line_1_20' title="bbox 222 2461 1271 2528; baseline 0.002 -19"><span class='ocrx_word' id='word_1_152' title='bbox 222 2461 412 2525; x_wconf 83' lang='lat' dir='ltr'><strong>Fam.10.18).</strong></span> <span class='ocrx_word' id='word_1_153' title='bbox 764 2463 819 2510; x_wconf 86' lang='lat' dir='ltr'><strong>dem</strong></span> <span class='ocrx_word' id='word_1_154' title='bbox 825 2461 974 2526; x_wconf 73' lang='lat' dir='ltr'><strong>-fortasse</strong></span> <span class='ocrx_word' id='word_1_155' title='bbox 987 2465 1055 2511; x_wconf 85' lang='lat' dir='ltr'><strong>euim</strong></span> <span class='ocrx_word' id='word_1_156' title='bbox 1073 2479 1124 2511; x_wconf 86' lang='lat' dir='ltr'><strong>non</strong></span> <span class='ocrx_word' id='word_1_157' title='bbox 1131 2464 1271 2528; x_wconf 82' lang='lat' dir='ltr'><strong>perferun-</strong></span> 
     </span>
    </p>

    <p class='ocr_par' dir='ltr' id='par_1_8' title="bbox 222 2527 1269 2861">
     <span class='ocr_line' id='line_1_21' title="bbox 256 2527 1268 2593; baseline 0.001 -16"><span class='ocrx_word' id='word_1_158' title='bbox 256 2528 356 2577; x_wconf 93' lang='lat' dir='ltr'><strong>XCIX.</strong></span> <span class='ocrx_word' id='word_1_159' title='bbox 376 2530 467 2585; x_wconf 88' lang='lat' dir='ltr'><strong>Rome,</strong></span> <span class='ocrx_word' id='word_1_160' title='bbox 477 2527 558 2576; x_wconf 87' lang='lat' dir='ltr'><strong>about</strong></span> <span class='ocrx_word' id='word_1_161' title='bbox 569 2527 630 2593; x_wconf 86' lang='lat' dir='ltr'><strong>May</strong></span> <span class='ocrx_word' id='word_1_162' title='bbox 642 2542 679 2592; x_wconf 92' lang='lat'><strong>13,</strong></span> <span class='ocrx_word' id='word_1_163' title='bbox 687 2542 720 2593; x_wconf 86' lang='lat'><strong>43</strong></span> <span class='ocrx_word' id='word_1_164' title='bbox 765 2529 910 2586; x_wconf 63' lang='lat' dir='ltr'><strong>tum—sed</strong></span> <span class='ocrx_word' id='word_1_165' title='bbox 929 2545 1019 2578; x_wconf 80' lang='lat' dir='ltr'><strong>suaves</strong></span> <span class='ocrx_word' id='word_1_166' title='bbox 1038 2532 1134 2592; x_wconf 76' lang='lat' dir='ltr'><strong>accipio</strong></span> <span class='ocrx_word' id='word_1_167' title='bbox 1159 2531 1268 2587; x_wconf 83' lang='lat' dir='ltr'><strong>litteras,</strong></span> 
     </span>
     <span class='ocr_line' id='line_1_22' title="bbox 222 2595 1269 2662; baseline 0.002 -19"><span class='ocrx_word' id='word_1_168' title='bbox 222 2607 271 2644; x_wconf 74' lang='lat' dir='ltr'><strong>nc.</strong></span> <span class='ocrx_word' id='word_1_169' title='bbox 315 2596 368 2643; x_wconf 91' lang='lat' dir='ltr'><strong>For</strong></span> <span class='ocrx_word' id='word_1_170' title='bbox 391 2595 434 2643; x_wconf 85' lang='lat' dir='ltr'><strong>the</strong></span> <span class='ocrx_word' id='word_1_171' title='bbox 459 2603 622 2644; x_wconf 90' lang='lat' dir='ltr'><strong>movements</strong></span> <span class='ocrx_word' id='word_1_172' title='bbox 640 2595 669 2643; x_wconf 85' lang='lat' dir='ltr'><strong>ol</strong></span> <span class='ocrx_word' id='word_1_173' title='bbox 686 2596 720 2643; x_wconf 94' lang='lat' dir='ltr'><strong>D.</strong></span> <span class='ocrx_word' id='word_1_174' title='bbox 765 2597 838 2644; x_wconf 80' lang='lat' dir='ltr'><strong>Fam</strong></span> <span class='ocrx_word' id='word_1_175' title='bbox 858 2609 880 2643; x_wconf 89' lang='lat'><strong>2.</strong></span> <span class='ocrx_word' id='word_1_176' title='bbox 906 2610 943 2662; x_wconf 89' lang='lat'><strong>13.</strong></span> <span class='ocrx_word' id='word_1_177' title='bbox 970 2610 990 2644; x_wconf 93' lang='lat'><strong>1.</strong></span> <span class='ocrx_word' id='word_1_178' title='bbox 1018 2595 1059 2644; x_wconf 84' lang='lat' dir='ltr'><strong>cf.</strong></span> <span class='ocrx_word' id='word_1_179' title='bbox 1072 2597 1129 2645; x_wconf 89' lang='lat' dir='ltr'><strong>also</strong></span> <span class='ocrx_word' id='word_1_180' title='bbox 1149 2597 1196 2660; x_wconf 91' lang='lat' dir='ltr'><strong>Ep.</strong></span> <span class='ocrx_word' id='word_1_181' title='bbox 1215 2597 1269 2646; x_wconf 91' lang='lat' dir='ltr'><strong>XI.</strong></span> 
     </span>
     <span class='ocr_line' id='line_1_23' title="bbox 223 2661 1269 2727; baseline 0.003 -17"><span class='ocrx_word' id='word_1_182' title='bbox 223 2663 318 2711; x_wconf 90' lang='lat' dir='ltr'><strong>Brutus</strong></span> <span class='ocrx_word' id='word_1_183' title='bbox 337 2661 403 2710; x_wconf 83' lang='lat' dir='ltr'><strong>aiter</strong></span> <span class='ocrx_word' id='word_1_184' title='bbox 415 2661 544 2727; x_wconf 83' lang='lat' dir='ltr'><strong>Antony&#39;s</strong></span> <span class='ocrx_word' id='word_1_185' title='bbox 555 2661 641 2710; x_wconf 81' lang='lat' dir='ltr'><strong>defeat</strong></span> <span class='ocrx_word' id='word_1_186' title='bbox 660 2677 722 2711; x_wconf 88' lang='lat' dir='ltr'><strong>near</strong></span> <span class='ocrx_word' id='word_1_187' title='bbox 768 2677 789 2711; x_wconf 94' lang='lat' dir='ltr'><strong>r.</strong></span> <span class='ocrx_word' id='word_1_188' title='bbox 836 2663 867 2710; x_wconf 89' lang='lat' dir='ltr'><strong>ln</strong></span> <span class='ocrx_word' id='word_1_189' title='bbox 885 2663 958 2712; x_wconf 85' lang='lat' dir='ltr'><strong>strict</strong></span> <span class='ocrx_word' id='word_1_190' title='bbox 985 2678 1064 2726; x_wconf 88' lang='lat' dir='ltr'><strong>usage</strong></span> <span class='ocrx_word' id='word_1_191' title='bbox 1096 2665 1196 2712; x_wconf 78' lang='lat' dir='ltr'><strong>litterae</strong></span> <span class='ocrx_word' id='word_1_192' title='bbox 1218 2662 1269 2713; x_wconf 86' lang='lat' dir='ltr'><strong>has</strong></span> 
     </span>
     <span class='ocr_line' id='line_1_24' title="bbox 223 2728 1269 2796; baseline 0 -18"><span class='ocrx_word' id='word_1_193' title='bbox 223 2729 333 2787; x_wconf 86' lang='lat' dir='ltr'><strong>Mutina,</strong></span> <span class='ocrx_word' id='word_1_194' title='bbox 349 2728 381 2776; x_wconf 79' lang='lat' dir='ltr'><strong>cf.</strong></span> <span class='ocrx_word' id='word_1_195' title='bbox 402 2729 449 2791; x_wconf 90' lang='lat' dir='ltr'><strong>Ep.</strong></span> <span class='ocrx_word' id='word_1_196' title='bbox 472 2729 601 2777; x_wconf 88' lang='lat' dir='ltr'><strong>XCVIII.</strong></span> <span class='ocrx_word' id='word_1_197' title='bbox 623 2728 720 2777; x_wconf 91' lang='lat' dir='ltr'><strong>introd.</strong></span> <span class='ocrx_word' id='word_1_198' title='bbox 765 2731 859 2796; x_wconf 80' lang='lat' dir='ltr'><strong>always</strong></span> <span class='ocrx_word' id='word_1_199' title='bbox 877 2730 922 2778; x_wconf 91' lang='lat' dir='ltr'><strong>the</strong></span> <span class='ocrx_word' id='word_1_200' title='bbox 950 2730 1065 2793; x_wconf 86' lang='lat' dir='ltr'><strong>singular</strong></span> <span class='ocrx_word' id='word_1_201' title='bbox 1080 2730 1208 2792; x_wconf 86' lang='lat' dir='ltr'><strong>meaning,</strong></span> <span class='ocrx_word' id='word_1_202' title='bbox 1223 2746 1269 2778; x_wconf 93' lang='lat' dir='ltr'><strong>un·</strong></span> 
     </span>
     <span class='ocr_line' id='line_1_25' title="bbox 222 2795 1268 2861; baseline 0.002 -17"><span class='ocrx_word' id='word_1_203' title='bbox 222 2803 291 2844; x_wconf 87' lang='lat' dir='ltr'><strong>note.</strong></span> <span class='ocrx_word' id='word_1_204' title='bbox 765 2797 817 2846; x_wconf 90' lang='lat' dir='ltr'><strong>less</strong></span> <span class='ocrx_word' id='word_1_205' title='bbox 841 2797 884 2846; x_wconf 88' lang='lat' dir='ltr'><strong>the</strong></span> <span class='ocrx_word' id='word_1_206' title='bbox 908 2795 1073 2846; x_wconf 83' lang='lat' dir='ltr'><strong>distributive</strong></span> <span class='ocrx_word' id='word_1_207' title='bbox 1094 2796 1224 2861; x_wconf 83' lang='lat' dir='ltr'><strong>adjective</strong></span> <span class='ocrx_word' id='word_1_208' title='bbox 1246 2797 1268 2846; x_wconf 87' lang='lat' dir='ltr'><strong>is</strong></span> 
     </span>
    </p>
   </div>
   <div class='ocr_carea' id='block_1_8' title="bbox 221 2862 722 3588">
    <p class='ocr_par' dir='ltr' id='par_1_9' title="bbox 221 2862 722 3588">
     <span class='ocr_line' id='line_1_26' title="bbox 258 2862 716 2925; baseline 0 -15"><span class='ocrx_word' id='word_1_209' title='bbox 258 2876 277 2910; x_wconf 89' lang='lat'><strong>1.</strong></span> <span class='ocrx_word' id='word_1_210' title='bbox 296 2870 355 2912; x_wconf 88' lang='lat' dir='ltr'><strong>tres</strong></span> <span class='ocrx_word' id='word_1_211' title='bbox 369 2897 376 2911; x_wconf 91' lang='lat'><strong>.</strong></span> <span class='ocrx_word' id='word_1_212' title='bbox 390 2896 397 2911; x_wconf 91' lang='lat'><strong>.</strong></span> <span class='ocrx_word' id='word_1_213' title='bbox 412 2896 418 2910; x_wconf 91' lang='lat'><strong>.</strong></span> <span class='ocrx_word' id='word_1_214' title='bbox 433 2862 585 2925; x_wconf 82' lang='lat' dir='ltr'><strong>epistulas:</strong></span> <span class='ocrx_word' id='word_1_215' title='bbox 597 2880 629 2910; x_wconf 86' lang='lat' dir='ltr'><strong>sc.</strong></span> <span class='ocrx_word' id='word_1_216' title='bbox 643 2865 716 2911; x_wconf 88' lang='lat' dir='ltr'><strong>Fam.</strong></span> 
     </span>
     <span class='ocr_line' id='line_1_27' title="bbox 224 2929 717 2993; baseline 0.002 -16"><span class='ocrx_word' id='word_1_217' title='bbox 224 2943 261 2977; x_wconf 86' lang='lat'><strong>11.</strong></span> <span class='ocrx_word' id='word_1_218' title='bbox 274 2942 298 2992; x_wconf 88' lang='lat'><strong>9,</strong></span> <span class='ocrx_word' id='word_1_219' title='bbox 314 2943 350 2984; x_wconf 87' lang='lat' dir='ltr'><strong>ro,</strong></span> <span class='ocrx_word' id='word_1_220' title='bbox 361 2929 412 2978; x_wconf 89' lang='lat' dir='ltr'><strong>and</strong></span> <span class='ocrx_word' id='word_1_221' title='bbox 427 2943 464 2986; x_wconf 91' lang='lat'><strong>11,</strong></span> <span class='ocrx_word' id='word_1_222' title='bbox 479 2929 579 2978; x_wconf 89' lang='lat' dir='ltr'><strong>written</strong></span> <span class='ocrx_word' id='word_1_223' title='bbox 592 2930 664 2993; x_wconf 87' lang='lat' dir='ltr'><strong>April</strong></span> <span class='ocrx_word' id='word_1_224' title='bbox 678 2944 717 2993; x_wconf 87' lang='lat'><strong>29,</strong></span> 
     </span>
     <span class='ocr_line' id='line_1_28' title="bbox 223 2995 719 3061; baseline 0 -17"><span class='ocrx_word' id='word_1_225' title='bbox 223 2997 285 3061; x_wconf 90' lang='lat' dir='ltr'><strong>May</strong></span> <span class='ocrx_word' id='word_1_226' title='bbox 299 3009 320 3061; x_wconf 83' lang='lat'><strong>5,</strong></span> <span class='ocrx_word' id='word_1_227' title='bbox 333 2995 385 3044; x_wconf 88' lang='lat' dir='ltr'><strong>and</strong></span> <span class='ocrx_word' id='word_1_228' title='bbox 398 2997 460 3060; x_wconf 90' lang='lat' dir='ltr'><strong>May</strong></span> <span class='ocrx_word' id='word_1_229' title='bbox 472 2996 488 3044; x_wconf 88' lang='lat'>6</span> <span class='ocrx_word' id='word_1_230' title='bbox 504 2996 719 3060; x_wconf 88' lang='lat' dir='ltr'><strong>respectively.-</strong></span> 
     </span>
     <span class='ocr_line' id='line_1_29' title="bbox 224 3063 717 3123; baseline 0.002 -12"><span class='ocrx_word' id='word_1_231' title='bbox 224 3063 328 3112; x_wconf 83' lang='lat' dir='ltr'><strong>Flacco</strong></span> <span class='ocrx_word' id='word_1_232' title='bbox 364 3063 528 3120; x_wconf 85' lang='lat' dir='ltr'><strong>volumnio,</strong></span> <span class='ocrx_word' id='word_1_233' title='bbox 565 3063 599 3112; x_wconf 85' lang='lat' dir='ltr'><strong>T.</strong></span> <span class='ocrx_word' id='word_1_234' title='bbox 639 3064 717 3123; x_wconf 91' lang='lat' dir='ltr'><strong>Vibi,</strong></span> 
     </span>
     <span class='ocr_line' id='line_1_30' title="bbox 223 3130 720 3180; baseline -0.002 -1"><span class='ocrx_word' id='word_1_235' title='bbox 223 3131 359 3180; x_wconf 82' lang='lat' dir='ltr'><strong>Graecei:</strong></span> <span class='ocrx_word' id='word_1_236' title='bbox 378 3131 443 3178; x_wconf 87' lang='lat' dir='ltr'><strong>little</strong></span> <span class='ocrx_word' id='word_1_237' title='bbox 457 3145 529 3179; x_wconf 91' lang='lat' dir='ltr'><strong>more</strong></span> <span class='ocrx_word' id='word_1_238' title='bbox 547 3130 569 3179; x_wconf 92' lang='lat' dir='ltr'><strong>is</strong></span> <span class='ocrx_word' id='word_1_239' title='bbox 581 3130 676 3178; x_wconf 89' lang='lat' dir='ltr'><strong>known</strong></span> <span class='ocrx_word' id='word_1_240' title='bbox 690 3130 720 3179; x_wconf 82' lang='lat' dir='ltr'><strong>of</strong></span> 
     </span>
     <span class='ocr_line' id='line_1_31' title="bbox 222 3197 718 3260; baseline 0 -15"><span class='ocrx_word' id='word_1_241' title='bbox 222 3197 296 3245; x_wconf 87' lang='lat' dir='ltr'><strong>these</strong></span> <span class='ocrx_word' id='word_1_242' title='bbox 320 3211 379 3245; x_wconf 90' lang='lat' dir='ltr'><strong>men</strong></span> <span class='ocrx_word' id='word_1_243' title='bbox 403 3197 465 3245; x_wconf 89' lang='lat' dir='ltr'><strong>than</strong></span> <span class='ocrx_word' id='word_1_244' title='bbox 485 3213 523 3246; x_wconf 91' lang='lat' dir='ltr'><strong>we</strong></span> <span class='ocrx_word' id='word_1_245' title='bbox 541 3197 633 3260; x_wconf 88' lang='lat' dir='ltr'><strong>gather</strong></span> <span class='ocrx_word' id='word_1_246' title='bbox 649 3197 718 3245; x_wconf 80' lang='lat' dir='ltr'><strong>from</strong></span> 
     </span>
     <span class='ocr_line' id='line_1_32' title="bbox 222 3263 719 3329; baseline 0 -17"><span class='ocrx_word' id='word_1_247' title='bbox 222 3263 274 3312; x_wconf 91' lang='lat' dir='ltr'><strong>this</strong></span> <span class='ocrx_word' id='word_1_248' title='bbox 297 3264 379 3312; x_wconf 88' lang='lat' dir='ltr'><strong>letter.</strong></span> <span class='ocrx_word' id='word_1_249' title='bbox 392 3291 425 3299; x_wconf 91' lang='lat'>—</span> <span class='ocrx_word' id='word_1_250' title='bbox 439 3266 541 3327; x_wconf 83' lang='lat' dir='ltr'><strong>Lupus</strong></span> <span class='ocrx_word' id='word_1_251' title='bbox 555 3282 561 3313; x_wconf 73' lang='grc' dir='ltr'><strong><em>ε</em></strong></span> <span class='ocrx_word' id='word_1_252' title='bbox 591 3263 719 3329; x_wconf 88' lang='lat' dir='ltr'><strong>probably</strong></span> 
     </span>
     <span class='ocr_line' id='line_1_33' title="bbox 223 3330 719 3394; baseline 0.002 -15"><span class='ocrx_word' id='word_1_253' title='bbox 223 3331 250 3379; x_wconf 90' lang='lat' dir='ltr'><strong>P.</strong></span> <span class='ocrx_word' id='word_1_254' title='bbox 287 3330 400 3380; x_wconf 89' lang='lat' dir='ltr'><strong>Rutilius</strong></span> <span class='ocrx_word' id='word_1_255' title='bbox 436 3332 534 3394; x_wconf 90' lang='lat' dir='ltr'><strong>Lupus,</strong></span> <span class='ocrx_word' id='word_1_256' title='bbox 573 3331 632 3379; x_wconf 90' lang='lat' dir='ltr'><strong>who</strong></span> <span class='ocrx_word' id='word_1_257' title='bbox 666 3346 719 3380; x_wconf 85' lang='lat' dir='ltr'><strong>was</strong></span> 
     </span>
     <span class='ocr_line' id='line_1_34' title="bbox 221 3396 720 3461; baseline 0.002 -16"><span class='ocrx_word' id='word_1_258' title='bbox 221 3404 326 3460; x_wconf 90' lang='lat' dir='ltr'><strong>praetor</strong></span> <span class='ocrx_word' id='word_1_259' title='bbox 343 3397 368 3445; x_wconf 92' lang='lat' dir='ltr'><strong>in</strong></span> <span class='ocrx_word' id='word_1_260' title='bbox 386 3411 418 3460; x_wconf 86' lang='lat'><strong>49</strong></span> <span class='ocrx_word' id='word_1_261' title='bbox 437 3409 495 3454; x_wconf 70' lang='lat' dir='ltr'><strong>nc,</strong></span> <span class='ocrx_word' id='word_1_262' title='bbox 509 3396 560 3445; x_wconf 86' lang='lat' dir='ltr'><strong>and</strong></span> <span class='ocrx_word' id='word_1_263' title='bbox 575 3413 627 3446; x_wconf 88' lang='lat' dir='ltr'><strong>was</strong></span> <span class='ocrx_word' id='word_1_264' title='bbox 645 3397 720 3461; x_wconf 91' lang='lat' dir='ltr'><strong>prob-</strong></span> 
     </span>
     <span class='ocr_line' id='line_1_35' title="bbox 221 3462 720 3529; baseline 0 -17"><span class='ocrx_word' id='word_1_265' title='bbox 221 3462 282 3529; x_wconf 86' lang='lat' dir='ltr'><strong>ably</strong></span> <span class='ocrx_word' id='word_1_266' title='bbox 293 3472 321 3512; x_wconf 88' lang='lat' dir='ltr'><strong>at</strong></span> <span class='ocrx_word' id='word_1_267' title='bbox 333 3463 385 3514; x_wconf 90' lang='lat' dir='ltr'><strong>this</strong></span> <span class='ocrx_word' id='word_1_268' title='bbox 403 3464 466 3513; x_wconf 90' lang='lat' dir='ltr'><strong>time</strong></span> <span class='ocrx_word' id='word_1_269' title='bbox 485 3464 529 3513; x_wconf 91' lang='lat' dir='ltr'><strong>the</strong></span> <span class='ocrx_word' id='word_1_270' title='bbox 542 3465 627 3528; x_wconf 90' lang='lat' dir='ltr'><strong>legate</strong></span> <span class='ocrx_word' id='word_1_271' title='bbox 640 3464 669 3512; x_wconf 84' lang='lat' dir='ltr'><strong>oi</strong></span> <span class='ocrx_word' id='word_1_272' title='bbox 687 3466 720 3512; x_wconf 89' lang='lat' dir='ltr'><strong>D.</strong></span> 
     </span>
     <span class='ocr_line' id='line_1_36' title="bbox 222 3530 722 3588; baseline 0.004 -10"><span class='ocrx_word' id='word_1_273' title='bbox 222 3531 326 3588; x_wconf 88' lang='lat' dir='ltr'><strong>Brutus,</strong></span> <span class='ocrx_word' id='word_1_274' title='bbox 339 3531 365 3578; x_wconf 93' lang='lat' dir='ltr'><strong>in</strong></span> <span class='ocrx_word' id='word_1_275' title='bbox 378 3530 467 3579; x_wconf 91' lang='lat' dir='ltr'><strong>whose</strong></span> <span class='ocrx_word' id='word_1_276' title='bbox 484 3531 574 3580; x_wconf 90' lang='lat' dir='ltr'><strong>letters</strong></span> <span class='ocrx_word' id='word_1_277' title='bbox 590 3531 624 3579; x_wconf 89' lang='lat' dir='ltr'><strong>he</strong></span> <span class='ocrx_word' id='word_1_278' title='bbox 635 3531 657 3580; x_wconf 92' lang='lat' dir='ltr'><strong>is</strong></span> <span class='ocrx_word' id='word_1_279' title='bbox 675 3531 722 3580; x_wconf 83' lang='lat' dir='ltr'><strong>ire·</strong></span> 
     </span>
    </p>
   </div>
   <div class='ocr_carea' id='block_1_9' title="bbox 764 2863 1330 3593">
    <p class='ocr_par' dir='ltr' id='par_1_10' title="bbox 764 2863 1330 3593">
     <span class='ocr_line' id='line_1_37' title="bbox 766 2863 1270 2926; baseline 0 -14"><span class='ocrx_word' id='word_1_280' title='bbox 766 2863 852 2913; x_wconf 88' lang='lat' dir='ltr'><strong>added</strong></span> <span class='ocrx_word' id='word_1_281' title='bbox 870 2871 897 2911; x_wconf 92' lang='lat' dir='ltr'><strong>to</strong></span> <span class='ocrx_word' id='word_1_282' title='bbox 917 2865 944 2921; x_wconf 90' lang='lat' dir='ltr'><strong>it,</strong></span> <span class='ocrx_word' id='word_1_283' title='bbox 965 2879 995 2912; x_wconf 89' lang='lat' dir='ltr'><strong>as</strong></span> <span class='ocrx_word' id='word_1_284' title='bbox 1015 2863 1114 2912; x_wconf 80' lang='lat' dir='ltr'><strong>bt&#39;nasa</strong></span> <span class='ocrx_word' id='word_1_285' title='bbox 1144 2871 1167 2913; x_wconf 89' lang='lat' dir='ltr'><strong>te</strong></span> <span class='ocrx_word' id='word_1_286' title='bbox 1184 2866 1270 2926; x_wconf 81' lang='lat' dir='ltr'><strong>accepi</strong></span> 
     </span>
     <span class='ocr_line' id='line_1_38' title="bbox 765 2929 1268 2990; baseline -0.006 -10"><span class='ocrx_word' id='word_1_287' title='bbox 765 2933 871 2987; x_wconf 81' lang='lat' dir='ltr'><strong>litteras,</strong></span> <span class='ocrx_word' id='word_1_288' title='bbox 883 2932 957 2979; x_wconf 86' lang='lat' dir='ltr'><strong>Fam.</strong></span> <span class='ocrx_word' id='word_1_289' title='bbox 970 2944 993 2990; x_wconf 82' lang='lat'><strong>4.</strong></span> <span class='ocrx_word' id='word_1_290' title='bbox 1008 2944 1046 2989; x_wconf 86' lang='lat'><strong>14.</strong></span> <span class='ocrx_word' id='word_1_291' title='bbox 1063 2944 1084 2977; x_wconf 87' lang='lat'><strong>1.</strong></span> <span class='ocrx_word' id='word_1_292' title='bbox 1097 2929 1190 2978; x_wconf 89' lang='lat' dir='ltr'><strong>Cicero</strong></span> <span class='ocrx_word' id='word_1_293' title='bbox 1202 2929 1268 2978; x_wconf 89' lang='lat' dir='ltr'><strong>him-</strong></span> 
     </span>
     <span class='ocr_line' id='line_1_39' title="bbox 766 2995 1268 3054; baseline -0.006 -7"><span class='ocrx_word' id='word_1_294' title='bbox 766 2997 817 3047; x_wconf 83' lang='lat' dir='ltr'><strong>self</strong></span> <span class='ocrx_word' id='word_1_295' title='bbox 825 2997 908 3046; x_wconf 87' lang='lat' dir='ltr'><strong>called</strong></span> <span class='ocrx_word' id='word_1_296' title='bbox 916 2997 1045 3046; x_wconf 86' lang='lat' dir='ltr'><strong>attention</strong></span> <span class='ocrx_word' id='word_1_297' title='bbox 1054 3004 1081 3045; x_wconf 91' lang='lat' dir='ltr'><strong>to</strong></span> <span class='ocrx_word' id='word_1_298' title='bbox 1090 2995 1215 3054; x_wconf 85' lang='lat' dir='ltr'><strong>thisfact;</strong></span> <span class='ocrx_word' id='word_1_299' title='bbox 1233 2996 1268 3045; x_wconf 86' lang='lat' dir='ltr'><strong>cf.</strong></span> 
     </span>
     <span class='ocr_line' id='line_1_40' title="bbox 767 3062 1269 3127; baseline -0.002 -14"><span class='ocrx_word' id='word_1_300' title='bbox 767 3064 872 3114; x_wconf 90' lang='lat' dir='ltr'><strong>Servius</strong></span> <span class='ocrx_word' id='word_1_301' title='bbox 884 3063 918 3112; x_wconf 86' lang='lat' dir='ltr'><strong>ad</strong></span> <span class='ocrx_word' id='word_1_302' title='bbox 939 3065 1015 3127; x_wconf 89' lang='lat' dir='ltr'><strong>Verg.</strong></span> <span class='ocrx_word' id='word_1_303' title='bbox 1034 3065 1099 3112; x_wconf 82' lang='lat' dir='ltr'><strong>Aen.</strong></span> <span class='ocrx_word' id='word_1_304' title='bbox 1111 3063 1134 3111; x_wconf 91' lang='lat'><strong>8.</strong></span> <span class='ocrx_word' id='word_1_305' title='bbox 1146 3062 1204 3112; x_wconf 89' lang='lat'>168:</span> <span class='ocrx_word' id='word_1_306' title='bbox 1227 3065 1269 3112; x_wconf 87' lang='lat' dir='ltr'><strong>Ci-</strong></span> 
     </span>
     <span class='ocr_line' id='line_1_41' title="bbox 764 3129 1267 3194; baseline -0.002 -15"><span class='ocrx_word' id='word_1_307' title='bbox 764 3147 819 3180; x_wconf 88' lang='lat' dir='ltr'><strong>cera</strong></span> <span class='ocrx_word' id='word_1_308' title='bbox 842 3139 892 3194; x_wconf 83' lang='lat' dir='ltr'><strong>per</strong></span> <span class='ocrx_word' id='word_1_309' title='bbox 909 3133 1042 3192; x_wconf 69' lang='lat' dir='ltr'><strong>epistelam</strong></span> <span class='ocrx_word' id='word_1_310' title='bbox 1066 3131 1154 3191; x_wconf 59' lang='lat' dir='ltr'><strong>malalai</strong></span> <span class='ocrx_word' id='word_1_311' title='bbox 1164 3129 1267 3192; x_wconf 84' lang='lat' dir='ltr'><strong>filium,</strong></span> 
     </span>
     <span class='ocr_line' id='line_1_42' title="bbox 765 3197 1270 3247; baseline -0.004 -1"><span class='ocrx_word' id='word_1_312' title='bbox 765 3199 849 3246; x_wconf 74' lang='lat' dir='ltr'><strong>disens</strong></span> <span class='ocrx_word' id='word_1_313' title='bbox 877 3201 944 3247; x_wconf 86' lang='lat' dir='ltr'><strong>male</strong></span> <span class='ocrx_word' id='word_1_314' title='bbox 968 3213 1025 3246; x_wconf 88' lang='lat' dir='ltr'><strong>eum</strong></span> <span class='ocrx_word' id='word_1_315' title='bbox 1052 3197 1148 3245; x_wconf 83' lang='lat' dir='ltr'><strong>dixisse</strong></span> <span class='ocrx_word' id='word_1_316' title='bbox 1165 3197 1270 3246; x_wconf 81' lang='lat' dir='ltr'><strong>‘direxi</strong></span> 
     </span>
     <span class='ocr_line' id='line_1_43' title="bbox 765 3263 1268 3325; baseline -0.004 -11"><span class='ocrx_word' id='word_1_317' title='bbox 765 3266 864 3314; x_wconf 85' lang='lat' dir='ltr'><strong>litterar</strong></span> <span class='ocrx_word' id='word_1_318' title='bbox 883 3263 965 3320; x_wconf 64' lang='lat' dir='ltr'><strong>duau&#39;</strong></span> <span class='ocrx_word' id='word_1_319' title='bbox 981 3280 1037 3312; x_wconf 79' lang='lat' dir='ltr'><strong>ciem</strong></span> <span class='ocrx_word' id='word_1_320' title='bbox 1059 3265 1165 3319; x_wconf 86' lang='lat' dir='ltr'><strong>litterae,</strong></span> <span class='ocrx_word' id='word_1_321' title='bbox 1187 3266 1268 3325; x_wconf 88' lang='lat' dir='ltr'><strong>quoti·</strong></span> 
     </span>
     <span class='ocr_line' id='line_1_44' title="bbox 765 3330 1270 3395; baseline -0.008 -15"><span class='ocrx_word' id='word_1_322' title='bbox 765 3349 810 3380; x_wconf 84' lang='lat' dir='ltr'><strong>ens</strong></span> <span class='ocrx_word' id='word_1_323' title='bbox 832 3333 965 3394; x_wconf 83' lang='lat' dir='ltr'><strong>epistulam</strong></span> <span class='ocrx_word' id='word_1_324' title='bbox 989 3330 1142 3395; x_wconf 59' lang='lat' dir='ltr'><strong>significant,</strong></span> <span class='ocrx_word' id='word_1_325' title='bbox 1162 3331 1270 3377; x_wconf 84' lang='lat' dir='ltr'><strong>numeri</strong></span> 
     </span>
     <span class='ocr_line' id='line_1_45' title="bbox 766 3397 1269 3460; baseline -0.002 -14"><span class='ocrx_word' id='word_1_326' title='bbox 766 3405 867 3446; x_wconf 85' lang='lat' dir='ltr'><strong>tautum</strong></span> <span class='ocrx_word' id='word_1_327' title='bbox 904 3399 1022 3460; x_wconf 82' lang='lat' dir='ltr'><strong>pluralis</strong></span> <span class='ocrx_word' id='word_1_328' title='bbox 1058 3400 1117 3445; x_wconf 84' lang='lat' dir='ltr'><strong>sint.</strong></span> <span class='ocrx_word' id='word_1_329' title='bbox 1130 3425 1161 3432; x_wconf 97' lang='lat'><em>-</em></span> <span class='ocrx_word' id='word_1_330' title='bbox 1178 3397 1269 3445; x_wconf 85' lang='lat' dir='ltr'><strong>orati·</strong></span> 
     </span>
     <span class='ocr_line' id='line_1_46' title="bbox 766 3463 1330 3527; baseline -0.005 -14"><span class='ocrx_word' id='word_1_331' title='bbox 766 3479 830 3523; x_wconf 88' lang='lat' dir='ltr'><strong>one,</strong></span> <span class='ocrx_word' id='word_1_332' title='bbox 855 3465 958 3521; x_wconf 86' lang='lat' dir='ltr'><strong>wards;</strong></span> <span class='ocrx_word' id='word_1_333' title='bbox 987 3463 1020 3512; x_wconf 87' lang='lat' dir='ltr'><strong>cf.</strong></span> <span class='ocrx_word' id='word_1_334' title='bbox 1052 3464 1118 3527; x_wconf 87' lang='lat' dir='ltr'><strong>Epp.</strong></span> <span class='ocrx_word' id='word_1_335' title='bbox 1143 3463 1267 3511; x_wconf 91' lang='lat' dir='ltr'><strong>XXXII.</strong></span> <span class='ocrx_word' id='word_1_336' title='bbox 1327 3517 1330 3524; x_wconf 36' lang='grc' dir='ltr'>Ι</span> 
     </span>
     <span class='ocr_line' id='line_1_47' title="bbox 767 3531 1266 3593; baseline 0.008 -15"><span class='ocrx_word' id='word_1_337' title='bbox 767 3546 796 3592; x_wconf 82' lang='lat'><strong>4;</strong></span> <span class='ocrx_word' id='word_1_338' title='bbox 828 3531 916 3579; x_wconf 88' lang='lat' dir='ltr'><strong>XCII.</strong></span> <span class='ocrx_word' id='word_1_339' title='bbox 945 3531 1266 3593; x_wconf 80' lang='lat' dir='ltr'><strong>5.—inflammatumr</strong></span> 
     </span>
    </p>
   </div>
   <div class='ocr_carea' id='block_1_10' title="bbox 220 3597 1269 3860">
    <p class='ocr_par' dir='ltr' id='par_1_11' title="bbox 220 3597 1269 3860">
     <span class='ocr_line' id='line_1_48' title="bbox 221 3597 1269 3662; baseline 0 -16"><span class='ocrx_word' id='word_1_340' title='bbox 221 3597 649 3662; x_wconf 82' lang='lat' dir='ltr'><strong>quentlymentioned-litteris</strong></span> <span class='ocrx_word' id='word_1_341' title='bbox 662 3617 667 3646; x_wconf 93' lang='lat'>:</span> <span class='ocrx_word' id='word_1_342' title='bbox 681 3613 723 3661; x_wconf 92' lang='lat' dir='ltr'><strong>ap·</strong></span> <span class='ocrx_word' id='word_1_343' title='bbox 768 3598 800 3646; x_wconf 83' lang='lat' dir='ltr'><strong>cf.</strong></span> <span class='ocrx_word' id='word_1_344' title='bbox 823 3599 896 3646; x_wconf 80' lang='lat' dir='ltr'><strong>Fam</strong></span> <span class='ocrx_word' id='word_1_345' title='bbox 918 3610 954 3645; x_wconf 91' lang='lat'><strong>11.</strong></span> <span class='ocrx_word' id='word_1_346' title='bbox 976 3610 1013 3646; x_wconf 91' lang='lat'><strong>10.</strong></span> <span class='ocrx_word' id='word_1_347' title='bbox 1033 3611 1047 3660; x_wconf 90' lang='lat'>3</span> <span class='ocrx_word' id='word_1_348' title='bbox 1065 3604 1177 3644; x_wconf 85' lang='lat' dir='ltr'><strong>revertor</strong></span> <span class='ocrx_word' id='word_1_349' title='bbox 1196 3612 1269 3646; x_wconf 84' lang='lat' dir='ltr'><strong>nunc</strong></span> 
     </span>
     <span class='ocr_line' id='line_1_49' title="bbox 220 3663 1266 3727; baseline 0.001 -17"><span class='ocrx_word' id='word_1_350' title='bbox 220 3663 338 3727; x_wconf 87' lang='lat' dir='ltr'><strong>parently</strong></span> <span class='ocrx_word' id='word_1_351' title='bbox 349 3663 375 3711; x_wconf 92' lang='lat' dir='ltr'><strong>in</strong></span> <span class='ocrx_word' id='word_1_352' title='bbox 394 3679 409 3710; x_wconf 90' lang='lat' dir='ltr'><strong>a</strong></span> <span class='ocrx_word' id='word_1_353' title='bbox 426 3665 507 3726; x_wconf 90' lang='lat' dir='ltr'><strong>plural</strong></span> <span class='ocrx_word' id='word_1_354' title='bbox 526 3679 601 3712; x_wconf 89' lang='lat' dir='ltr'><strong>sense</strong></span> <span class='ocrx_word' id='word_1_355' title='bbox 614 3663 682 3720; x_wconf 88' lang='lat' dir='ltr'><strong>here,</strong></span> <span class='ocrx_word' id='word_1_356' title='bbox 695 3679 724 3713; x_wconf 91' lang='lat' dir='ltr'><strong>as</strong></span> <span class='ocrx_word' id='word_1_357' title='bbox 766 3665 804 3712; x_wconf 89' lang='lat' dir='ltr'><strong>ad</strong></span> <span class='ocrx_word' id='word_1_358' title='bbox 826 3665 979 3721; x_wconf 85' lang='lat' dir='ltr'><strong>Antonium,</strong></span> <span class='ocrx_word' id='word_1_359' title='bbox 1003 3665 1050 3727; x_wconf 90' lang='lat' dir='ltr'><strong>qui</strong></span> <span class='ocrx_word' id='word_1_360' title='bbox 1067 3680 1099 3712; x_wconf 82' lang='lat' dir='ltr'><strong>ex</strong></span> <span class='ocrx_word' id='word_1_361' title='bbox 1113 3664 1184 3726; x_wconf 83' lang='lat' dir='ltr'><strong>fuga</strong></span> <span class='ocrx_word' id='word_1_362' title='bbox 1207 3679 1266 3711; x_wconf 88' lang='lat' dir='ltr'><strong>cum</strong></span> 
     </span>
     <span class='ocr_line' id='line_1_50' title="bbox 221 3729 1268 3793; baseline 0.003 -18"><span class='ocrx_word' id='word_1_363' title='bbox 221 3729 320 3776; x_wconf 88' lang='lat' dir='ltr'><strong>several</strong></span> <span class='ocrx_word' id='word_1_364' title='bbox 342 3729 418 3776; x_wconf 91' lang='lat' dir='ltr'><strong>times</strong></span> <span class='ocrx_word' id='word_1_365' title='bbox 437 3730 461 3777; x_wconf 93' lang='lat' dir='ltr'><strong>in</strong></span> <span class='ocrx_word' id='word_1_366' title='bbox 482 3730 582 3786; x_wconf 92' lang='lat' dir='ltr'><strong>Cicero,</strong></span> <span class='ocrx_word' id='word_1_367' title='bbox 601 3745 644 3792; x_wconf 74' lang='lat' dir='ltr'><strong>ag.</strong></span> <span class='ocrx_word' id='word_1_368' title='bbox 662 3733 724 3778; x_wconf 84' lang='lat' dir='ltr'><strong>acci·</strong></span> <span class='ocrx_word' id='word_1_369' title='bbox 762 3733 904 3793; x_wconf 82' lang='lat' dir='ltr'><strong>parvulam</strong></span> <span class='ocrx_word' id='word_1_370' title='bbox 926 3746 1033 3778; x_wconf 88' lang='lat' dir='ltr'><strong>manum</strong></span> <span class='ocrx_word' id='word_1_371' title='bbox 1052 3731 1169 3792; x_wconf 82' lang='lat' dir='ltr'><strong>peditum</strong></span> <span class='ocrx_word' id='word_1_372' title='bbox 1196 3730 1268 3778; x_wconf 82' lang='lat' dir='ltr'><strong>habe-</strong></span> 
     </span>
     <span class='ocr_line' id='line_1_51' title="bbox 220 3794 1269 3860; baseline 0.005 -21"><span class='ocrx_word' id='word_1_373' title='bbox 220 3794 261 3851; x_wconf 77' lang='lat' dir='ltr'><strong>pe&#39;o</strong></span> <span class='ocrx_word' id='word_1_374' title='bbox 286 3795 471 3842; x_wconf 82' lang='lat' dir='ltr'><strong>excusationem</strong></span> <span class='ocrx_word' id='word_1_375' title='bbox 495 3802 574 3851; x_wconf 75' lang='lat' dir='ltr'><strong>mam,</strong></span> <span class='ocrx_word' id='word_1_376' title='bbox 593 3812 645 3860; x_wconf 85' lang='lat' dir='ltr'><strong>qua</strong></span> <span class='ocrx_word' id='word_1_377' title='bbox 663 3812 724 3844; x_wconf 88' lang='lat' dir='ltr'><strong>usus</strong></span> <span class='ocrx_word' id='word_1_378' title='bbox 768 3803 808 3845; x_wconf 84' lang='lat' dir='ltr'><strong>ret</strong></span> <span class='ocrx_word' id='word_1_379' title='bbox 828 3798 977 3856; x_wconf 84' lang='lat' dir='ltr'><strong>inermium,</strong></span> <span class='ocrx_word' id='word_1_380' title='bbox 996 3796 1124 3860; x_wconf 80' lang='lat' dir='ltr'><strong>ergastula</strong></span> <span class='ocrx_word' id='word_1_381' title='bbox 1148 3797 1269 3844; x_wconf 81' lang='lat' dir='ltr'><strong>solvenda</strong></span> 
     </span>
    </p>
   </div>
   <div class='ocr_carea' id='block_1_11' title="bbox 0 0 1394 4332">
    <p class='ocr_par' dir='ltr' id='par_1_12' title="bbox 0 0 1394 4332">
     <span class='ocr_line' id='line_1_52' title="bbox 0 0 1394 4332; baseline 0 0"><span class='ocrx_word' id='word_1_382' title='bbox 0 0 1394 4332; x_wconf 95' lang='lat' dir='ltr'><strong> </strong></span> 
     </span>
    </p>
   </div>
  </div>
 </body>
</html>
