2814 4330
143 327 218 393 afr·
232 341 255 377 2.
270 325 320 393 ις]
483 325 650 376 C1cuno’s
676 326 850 377 currens.
1152 325 1186 378 91

140 496 241 560 ullius
258 494 402 559 benefici
419 504 549 570 certum
566 514 688 564 nomen
705 503 794 577 peto,
809 493 1077 558 benevolentiam
1094 503 1186 558 tuam

140 614 175 669 et
193 604 428 668 liberalitatem
445 613 534 686 peto,
554 623 663 686 neque
680 603 826 686 impedio
843 623 908 686 quo
932 602 1052 678 minus,
1072 603 1100 667 si
1124 602 1187 667 tibi

140 715 189 777 ita
204 713 377 796 placuerit,
397 711 498 775 etiam
523 711 616 776 hisce
641 731 717 775 eum
741 731 841 775 ornes
866 711 1025 794 gloriolae
1051 711 1187 794 insigni-

140 824 215 886 bus
242 822 367 885 Totum
381 820 525 904 denique
542 820 712 884 hominem
728 820 790 884 tibi
808 819 855 884 ita
867 822 971 896 trado,
989 821 1051 884 ‘de
1063 819 1185 896 manu‚’

141 940 180 995 ut
204 931 308 1006 aiunt,
330 929 385 993 ‘in
413 927 567 992 manum'
594 938 686 991 tuam
711 928 809 992 istam
835 938 868 993 et
892 929 1033 992 victoria
1060 938 1094 992 et
1121 929 1188 993 fide

140 1047 379 1121 praestantem.
423 1037 535 1102 Simus
552 1029 642 1100 enim
659 1036 886 1119 putidiusculi,
905 1057 1105 1120 quamquam
1129 1056 1189 1121 per

140 1157 176 1211 te
201 1147 256 1210 vix
280 1146 375 1223 licet;
399 1166 524 1222 verum,
542 1155 579 1209 ut
603 1146 710 1222 video,
735 1145 860 1210 licebit.
909 1145 999 1210 Cura
1023 1154 1060 1209 ut
1077 1146 1187 1210 valeas

141 1265 176 1319 et
201 1275 265 1332 me,
283 1263 321 1318 ut
345 1274 446 1330 amas,
464 1275 547 1318 ama.

417 1447 535 1512 xxo.
573 1447 737 1533 <afr-2.
761 1447 918 1534 otuu

323 1622 475 1672 MARCVS
499 1622 645 1684 QVINTO
670 1619 809 1672 FRATRI
835 1622 1017 1672 SALVTEM.

191 1757 276 1822 Cum
293 1778 312 1819 a
328 1778 382 1820 me
399 1757 527 1820 litteras
545 1757 658 1821 librari
674 1777 775 1820 manu
792 1733 971 1839 acceperis]
990 1778 1033 1821 ne
1053 1758 1189 1840 paulum
1209 1789 1219 1824 ι

141 1867 277 1951 quidem
294 1886 347 1928 me
364 1865 413 1929 oti
429 1865 588 1929 habuisse
605 1865 760 1941 iudicato,
779 1885 854 1929 cum
875 1875 986 1929 autem
1011 1887 1094 1942 mea,
1112 1887 1189 1949 pau·
1270 1909 1273 1914 ·

142 2043 197 2105 tige
222 2039 305 2089 which
334 2040 399 2090 such
427 2055 461 2088 an
490 2041 641 2103 experience
692 2041 786 2090 Bacch.
813 2039 881 2104 623),
900 2047 943 2088 ‘to
964 2040 1058 2090 assist'
1080 2058 1187 2091 manum

143 2107 231 2157 would
249 2107 308 2172 give
326 2107 397 2156 them
416 2123 450 2155 on
470 2107 536 2156 their
553 2115 640 2156 retum
691 2109 760 2165 dare,
779 2108 816 2156 i..e
835 2113 878 2155 to
903 2106 964 2156 lend
990 2123 1007 2157 a
1034 2107 1122 2167 hand,’
1139 2117 1189 2158 etc.

143 2184 172 2224 to
192 2176 276 2224 Rome
295 2173 338 2239 (cf.
355 2174 417 2223 Tac.
430 2176 495 2237 Agr
508 2174 542 2240 5).
578 2174 642 2222 Cae·
693 2173 735 2222 Cf
759 2175 816 2223 also
840 2174 915 2232 Otto,
935 2175 1122 2236 Spriehwh'rter
1144 2177 1190 2224 der

143 2257 187 2292 sar
210 2242 258 2290 has
282 2241 356 2290 these
384 2241 496 2306 military
520 2249 591 2306 tyros
614 2240 641 2289 in
692 2242 794 2298 Rhmer,
812 2255 837 2303 p.
857 2253 912 2289 210.
930 2239 954 2298 6,
974 2240 1113 2304 Landgraf,
1132 2255 1188 2306 329,

144 2307 217 2357 mind
227 2309 300 2356 when
310 2308 343 2357 he
351 2323 421 2373 says:
434 2309 475 2356 hic
484 2307 580 2371 (timu)
585 2309 642 2370 pri·
693 2307 786 2365 Krebs,
795 2307 985 2357 Antiharbarus
997 2307 1079 2357 under
1087 2325 1189 2357 manus

133 2387 216 2425 mum
230 2383 300 2424 ortus
316 2382 353 2424 est
367 2391 382 2422 a
399 2375 510 2422 tribunis
527 2376 640 2423 militum
691 2373 934 2437 -putidiusculi,
957 2375 1100 2437 something
1119 2376 1151 2440 eff
1172 2393 1188 2424 a

138 2443 276 2506 praesectis
290 2443 455 2506 reliquisque.
468 2442 515 2505 qui
530 2457 562 2490 ex
580 2442 642 2489 urhe
692 2441 768 2497 bare,·
786 2441 818 2489 ci.
832 2441 986 2502 pulchellus,
1006 2442 1054 2505 Ep.
1068 2442 1099 2494 ΙΙ.
1119 2455 1149 2491 10
1163 2458 1188 2491 n.

143 2510 272 2558 amicitiae
280 2525 355 2557 causa
365 2510 498 2557 Caesarem
506 2508 584 2562 secuti
590 2524 641 2555 non
692 2521 965 2571 -quamquamn
986 2508 1125 2559 l.icebit·
1150 2511 1188 2557 te

144 2591 267 2639 magnum
281 2577 310 2622 in
322 2591 350 2623 re
361 2576 474 2623 militari
484 2591 558 2622 usum
571 2575 642 2623 hahe-
692 2574 838 2637 although'
832 2582 851 2622 rt
863 2574 886 2622 is
903 2575 1017 2639 scarcely
1028 2574 1189 2638 pardonable

144 2644 212 2700 bant,
223 2643 255 2691 B.
269 2643 297 2691 G
311 2656 331 2689 1.
344 2655 383 2720 39
398 2655 419 2689 2.
455 2640 593 2689 Trebatius
607 2656 642 2690 re·
692 2649 720 2689 to
744 2641 806 2689 talre
829 2640 976 2704 advantage
999 2642 1028 2689 of
1056 2657 1107 2690 one
1130 2641 1188 2690 who

144 2708 234 2758 cerved
243 2708 287 2758 the
296 2708 412 2772 position
421 2707 450 2756 of
462 2707 564 2757 tnbune
572 2707 641 2756 from
692 2707 715 2756 is
738 2723 768 2756 so
791 2723 928 2770 generous,
949 2707 983 2773 by
1005 2708 1054 2756 la
1057 2723 1092 2771 ng
1118 2723 1189 2772 upon

145 2776 296 2825 Caesan-
308 2775 464 2839 gloriolae:
487 2774 551 2823 such
574 2774 642 2837 posi·
692 2774 745 2822 him
759 2774 823 2822 such
836 2789 852 2822 a
867 2774 925 2824 taslr
944 2775 1003 2823 asI
1042 2775 1101 2823 oin
1120 2782 1190 2823 turn-

145 2844 222 2899 tions,
236 2842 314 2905 being
326 2843 417 2907 purely
428 2841 566 2906 honorary,
578 2840 642 2889 indi·
678 2842 736 2917 ing
752 2840 891 2890 Trebatius
909 2857 971 2890 over
988 2842 1144 2919 completely
1162 2849 1188 2890 to

144 2908 221 2958 cated
232 2909 299 2958 little
312 2909 373 2956 with
386 2907 477 2971 regard
491 2915 518 2958 to
531 2923 547 2956 a
559 2907 641 2957 man’s
692 2921 757 2973 your
774 2923 840 2964 care,
852 2916 895 2973 yet
908 2909 920 2956 Ι
938 2907 989 2958 feel
1001 2924 1053 2974 you
1068 2908 1117 2956 will
1134 2924 1190 2972 par·

144 2977 197 3024 real
215 2976 312 3033 merits,
330 2975 377 3024 but
395 2973 493 3023 carried
511 2990 527 3023 a
544 2974 641 3023 certaIn
692 2973 745 3022 don
755 2973 800 3023 the
812 2974 950 3039 liberty
962 2988 1072 3025 cure.
1086 2989 1188 3025 ,πων

145 3012 538 3105 distinctionhlongwiththem
549 3041 641 3090 Hence
692 3040 725 3090 ci
738 3041 786 3104 Ep.
800 3041 906 3090 XVIII
917 3040 1025 3105 (endln.
1060 3041 1118 3090 The
1130 3057 1190 3105 gen-

145 3109 274 3173 gloriola,
293 3117 340 3157 not
352 3111 488 3172 gloma-
454 3109 532 3157 -de
553 3121 640 3158 manu
693 3123 769 3156 erous
792 3107 866 3170 spirit
885 3107 912 3156 in
930 3107 1012 3157 which
1034 3109 1132 3158 Caesar
1154 3125 1190 3157 re·

213 3176 242 3224 in
261 3190 390 3224 manum:
414 3191 430 3224 a
450 3175 641 3224 characteristic
692 3173 811 3238 sponded
824 3183 851 3223 to
868 3175 913 3223 the
929 3183 1033 3239 request
1050 3175 1079 3223 of
1096 3175 1188 3225 Cicero
1273 3173 1275 3180 ’

144 3243 174 3291 oi
191 3243 330 3307 colloquial
342 3242 503 3305 languageis
518 3241 550 3291 its
567 3241 642 3290 iond-
692 3240 857 3290 isindicated
874 3241 909 3306 by
920 3241 960 3290 his
978 3243 1057 3306 reply,
1069 3241 1114 3291 the
1132 3242 1190 3292 sub-

144 3326 205 3359 ness
222 3309 264 3358 for
285 3317 404 3358 concrete
424 3308 532 3372 phrases
551 3308 577 3356 in
601 3324 642 3358 ex·
692 3316 781 3358 stance
799 3307 828 3356 of
845 3308 928 3356 which
945 3308 1039 3357 Cicero
1052 3316 1145 3374 quotes
1162 3309 1188 3357 in

143 3377 264 3440 pressing
281 3392 297 3425 a
315 3376 427 3439 thought
444 3375 527 3424 which
547 3375 641 3425 formal
692 3390 709 3424 a
719 3375 796 3424 letter
808 3382 835 3423 to
849 3374 964 3436 Quintus
978 3375 1012 3440 (2.
1024 3388 1061 3439 13.
1072 3376 1098 3440 3)
1110 3392 1116 3423 :
1133 3376 1190 3425 Tre-

143 3443 272 3506 language
311 3457 423 3507 conveys
460 3442 486 3491 in
527 3441 641 3492 abstract
692 3443 786 3492 latium
805 3443 874 3506 quad
887 3441 925 3490 ad
938 3457 963 3490 se
982 3441 1030 3507 (te.
1045 3441 1187 3506 Caesarem)

143 3510 259 3574 phrases.
285 3510 315 3557 In
324 3509 388 3558 such
401 3508 508 3572 phrases
519 3509 641 3558 manusis
692 3509 815 3566 miserim,
838 3509 953 3571 persalse
984 3516 1009 3557 et
1040 3509 1190 3557 humaniter

144 3576 174 3625 oi
189 3577 311 3641 frequent
323 3591 485 3625 occurrence.
521 3576 602 3634 Thus,
614 3575 641 3624 in
691 3577 766 3625 etiam
773 3577 875 3639 gratias
884 3575 952 3625 mihi
958 3577 1024 3638 agtt;
1037 3583 1112 3639 negat
1119 3577 1188 3624 enim

144 3642 189 3692 the
199 3644 327 3706 language
337 3642 365 3691 oi
377 3642 505 3708 everyday
513 3642 574 3691 tite
582 3657 641 3705 gen-
692 3644 721 3690 tn
744 3648 818 3690 tanta
843 3643 1013 3691 multitudine
1030 3658 1116 3691 eorum
1144 3643 1191 3706 qui

144 3710 281 3775 erously''
275 3725 297 3758 rs
310 3710 383 3758 often
395 3725 476 3759 manu
484 3711 563 3771 plena
577 3708 641 3774 (Art.
693 3725 746 3757 una
768 3715 848 3757 essent
866 3724 1017 3772 quemquam
1034 3709 1126 3773 fuisse,
1144 3709 1191 3772 qul

145 3790 216 3842 225
226 3776 276 3856 ψ
285 3775 483 3839 tobepresent’
487 3783 553 3838 prae
562 3792 642 3824 manu
693 3776 868 3825 vadmonium
887 3777 1013 3836 concipere
1023 3782 1113 3837 posset.

143 3860 201 3902 esse,
219 3846 256 3892 t..e
276 3851 304 3891 to
323 3842 381 3892 be
389 3858 423 3891 on
441 3841 526 3891 hand'
546 3841 641 3906 (Plaut.
727 3841 819 3891 XXII.
845 3843 936 3899 Rome,
950 3843 1062 3904 August,
1076 3853 1169 3908 5413..c
