2834 4326
233 276 264 327 72
571 278 737 327 CICERO'S
763 277 936 327 LETTERS.
1132 277 1195 342 [Ep.
1206 279 1300 328 XVI.

233 445 451 510 vehementer
474 457 578 530 grata.
630 447 725 529 Quae
749 447 811 510 tibi
837 466 877 510 eo
903 446 1013 510 scribo
1046 447 1134 529 quod
1159 467 1214 510 me
1246 449 1299 510 de

201 574 213 618 7
235 554 409 618 retinenda
431 554 522 618 Sesti
547 555 655 638 gratia
678 553 800 618 litteris
825 574 925 637 saepe
949 554 1118 618 monuisti.
1170 555 1297 618 Pridie

236 663 315 725 Idus
349 663 445 727 Febr.
475 663 557 727 haec
589 663 708 744 scripsi
740 672 819 726 ante
851 663 969 727 lucem.
1030 663 1080 725 Eo
1108 663 1162 726 die
1191 665 1294 745 apud

236 771 454 853 Pomponium
480 772 514 834 in
543 771 615 834 eius
642 771 768 853 nuptiis
795 791 884 835 eram
912 780 1101 834 cenaturus.
1157 771 1293 835 Cetera

235 887 313 942 sunt
331 879 366 940 in
382 880 482 943 rebus
507 879 633 943 nostris
657 879 847 943 huiusmodi
872 889 907 942 ut
933 889 971 942 tu
995 878 1077 941 mihi
1100 879 1172 942 fere
1197 879 1292 942 diffi-

235 987 328 1050 denti
361 988 584 1069 praedicabas,
615 988 714 1070 plena
743 987 918 1071 dignitatis
951 997 985 1051 et
1018 988 1160 1070 gratiae;
1193 1009 1291 1070 quae

235 1096 369 1178 quidem
396 1105 462 1170 tua,
489 1097 535 1158 mi
565 1091 679 1172 frater,
708 1097 870 1178 patientia
895 1096 1021 1160 virtute
1048 1096 1175 1179 pietate
1208 1117 1291 1160 sua-

234 1204 339 1266 vitate
355 1205 456 1268 etiam
473 1189 541 1268 tibi
565 1205 714 1288 mihique
739 1213 818 1296 sunt
844 1205 1011 1270 restituta.
1061 1205 1191 1268 Domus
1217 1205 1289 1268 tibi

235 1313 276 1376 ad
289 1312 400 1376 lucum
419 1313 548 1377 Pisonis
567 1313 753 1377 Luciniana
769 1313 936 1376 conducta
948 1323 1000 1376 est
1009 1334 1016 1390 ;
1034 1314 1102 1389 sed,
1118 1322 1154 1375 ut
1169 1333 1285 1394 spero,

235 1421 350 1502 paucis
375 1420 547 1484 mensibus
572 1431 648 1504 post
678 1423 721 1486 K.
750 1421 932 1504 Quinctilis
961 1421 995 1483 in
1024 1430 1116 1484 tuam
1145 1421 1288 1485 commi-

235 1529 356 1611 grabis,
406 1530 514 1592 Tuam
543 1530 577 1592 in
607 1530 738 1594 Carinis
767 1530 883 1593 mundi
907 1529 1113 1593 habitatores
1142 1530 1287 1594 Lamiae

236 1639 475 1701 conduxerunt.
533 1638 626 1701 Ate
652 1638 842 1720 postillam
873 1637 1071 1702 Olbiensem
1100 1637 1284 1720 epistulam

236 1744 343 1809 nullas
369 1745 500 1809 litteras
525 1747 648 1828 accepi.
689 1746 799 1835 *Quid
829 1767 909 1830 agas
938 1755 971 1808 et
1001 1756 1037 1809 ut
1066 1756 1101 1808 te
1128 1745 1283 1810 oblectes

236 1854 322 1918 scire
338 1855 445 1937 cupio,
464 1855 673 1937 maximeque
690 1864 724 1918 te
742 1855 852 1937 ipsum
868 1855 981 1918 videre
998 1858 1097 1937 quam
1122 1853 1280 1936 primum.

237 1963 334 2039 Cura,
362 1963 408 2026 mi
433 1963 547 2039 frater,
575 1973 612 2027 ut
641 1963 752 2027 valeas
781 1973 826 2039 et,
852 1952 1060 2046 quamquam
1081 1972 1132 2026 est
1159 1962 1275 2038 hiems,

236 2081 349 2134 tamen
367 2071 555 2136 Sardiniam
573 2073 671 2136 istam
689 2092 763 2136 esse
781 2072 920 2154 cogites
970 2090 1016 2134 xv
1033 2072 1077 2135 K.
1098 2071 1248 2136 Martias,

270 2229 402 2346 7Lkpgidie
420 2229 490 2344 ldub
511 2230 677 2346 Febfrahth'?
695 2245 732 2278 re
782 2229 805 2279 is
825 2229 964 2279 elsewhere
983 2229 1110 2344 rbgubarly
1127 2228 1230 2343 appgied
1243 2237 1276 2344 1t<o

235 2306 454 2427 abbenxebl'lraet
470 2304 572 2412 fbllbbs
590 2305 646 2413 itsb
661 2305 732 2427 {bbetr
783 2311 1034 2427 ngibjbtlliglcrfuly
1053 2312 1070 2410 l)
1087 2310 1280 2426 basglmo-ving

236 2431 315 2494 script
327 2431 436 2489 written,
449 2447 477 2479 as
490 2446 527 2479 we
543 2446 587 2480 see
598 2431 668 2479 from
687 2431 731 2479 the
783 2430 848 2495 day’
860 2430 885 2478 in
902 2431 986 2479 Rome
1000 2429 1133 2494 (Beckelh
1150 2445 1194 2478 see
1208 2429 1278 2478 Suet.

235 2499 287 2546 last
299 2505 427 2554 sentence,
443 2497 504 2546 Feb.
520 2511 556 2562 15·
564 2525 598 2546 —.
606 2505 674 2546 ante
686 2498 731 2546 lu-

237 2577 311 2612 cem:
336 2563 368 2612 cf.
385 2560 445 2613 baec
468 2565 563 2614 dictavi
589 2566 731 2621 ambulans,

237 2631 285 2694 Ep.
300 2631 347 2679 IX.
364 2645 372 2678 1
388 2646 412 2678 n.
449 2632 499 2680 See
511 2631 566 2679 also
581 2631 610 2690 Q.
615 2632 657 2696 sr.
672 2645 694 2678 2.
709 2643 730 2696 5.

236 2698 341 2758 4.—in
368 2698 430 2747 eius
460 2698 585 2761 nuptiis:
614 2714 646 2745 sc.
670 2697 731 2746 with

238 2765 308 2813 Pilia.
344 2766 367 2812 A
389 2764 517 2827 daughter
539 2780 592 2813 was
614 2764 679 2813 born
703 2773 731 2814 to

237 2831 316 2888 them,
341 2831 460 2887 Caecilia,
479 2832 537 2879 who
561 2831 671 2880 married
695 2832 731 2880 M.

237 2898 361 2962 Agrippa,
375 2898 426 2946 and
445 2898 511 2947 their
528 2897 656 2960 daughter
673 2898 733 2962 Vip

236 2965 438 3028 sauia-Agrippa
447 2981 499 3014 was
512 2965 556 3013 the
568 2965 624 3014 first
633 2964 692 3014 wife
704 2964 733 3012 of

237 3031 363 3080 Tiberius.
379 3060 412 3067 —
428 3031 584 3095 patientia:
618 3032 732 3092 Quintus

236 3098 313 3147 could
333 3099 446 3162 scarcely
465 3099 506 3163 lay
525 3099 600 3147 claim
620 3107 648 3147 to
666 3100 733 3160 pati-

235 3167 303 3213 entia
321 3180 351 3213 or
364 3167 496 3222 suavitas,·
517 3165 558 3222 ch,
576 3182 627 3228 eg,
648 3166 677 3224 Q.
689 3166 731 3229 sr.

239 3246 259 3279 1.
275 3246 295 3279 1.
308 3245 389 3296 37.—
399 3232 503 3280 domus
523 3267 529 3280 .
544 3267 571 3280 ..
590 3233 731 3281 conducta

237 3307 291 3357 est,
312 3299 353 3346 tlte
369 3299 445 3346 house
465 3299 547 3348 which
569 3300 688 3361 belonged
708 3305 733 3346 to

235 3366 363 3415 Lucinius
375 3381 438 3413 near
446 3365 527 3414 Piso's
535 3366 606 3427 park
617 3366 664 3412 bas
675 3365 732 3412 been

234 3432 312 3480 hired
330 3433 381 3496 sor
403 3448 463 3494 you.
518 3432 617 3496 Tyrrell
646 3430 732 3479 would

235 3498 336 3564 change
348 3498 446 3548 lucum
464 3505 493 3548 to
510 3499 603 3556 laeum,
615 3512 645 3546 as
659 3498 733 3547 lucus

789 2498 840 2545 Tib.
849 2511 863 2562 3
868 2509 928 2562 5.—
936 2497 964 2545 in
973 2504 1053 2546 tuam
1062 2496 1279 2560 commigrabis:

783 2564 828 2613 the
837 2564 920 2612 house
930 2564 959 2612 of
971 2563 1086 2624 Quintus
1100 2579 1134 2611 on
1152 2563 1196 2612 the
1210 2564 1279 2612 Pala-

784 2631 836 2679 tine
860 2629 995 2694 adjoining
1017 2630 1058 2679 his
1081 2629 1210 2679 brother's
1226 2645 1278 2678 was

783 2697 862 2760 being
879 2697 972 2746 rebuilt
991 2696 1073 2746 under
1092 2696 1136 2746 the
1155 2695 1278 2744 direction

784 2764 813 2812 of
825 2765 869 2813 the
881 2762 1028 2813 celebrated
1044 2764 1166 2812 architect
1185 2763 1277 2828 Cyrus;

784 2831 817 2880 cf.
840 2831 868 2892 Q.
885 2832 927 2895 fr.
949 2845 971 2878 2.
991 2844 1013 2878 2.
1033 2830 1136 2878 2.—in
1156 2830 1278 2879 Carinis:

783 2898 898 2947 between
909 2897 953 2946 the
965 2899 1060 2946 Forum
1070 2896 1121 2946 and
1134 2897 1178 2945 the
1192 2897 1278 2960 Esqui-

783 2965 842 3014 line.
853 2993 886 2999 -
897 2964 998 3014 mundi
1020 2964 1199 3013 habitatores
1223 2964 1277 3011 La·

784 3032 870 3090 miae,
886 3031 1032 3092 respectable
1049 3038 1157 3087 tenants,
1174 3031 1216 3079 the
1231 3031 1278 3078 La·

784 3101 857 3147 miae.
870 3119 897 3127 -
912 3097 1089 3156 Olbiensem,
1103 3098 1177 3161 from
1199 3097 1276 3154 Olbia,

783 3165 810 3212 in
829 3165 873 3213 the
891 3165 1072 3213 northeastern
1091 3171 1148 3226 part
1172 3163 1200 3212 of
1225 3165 1277 3212 Sar·

784 3231 1010 3282 dinia-tamen
1029 3231 1202 3289 Sardiniam,
1220 3237 1276 3278 etc:

784 3299 829 3347 the
858 3298 961 3347 climate
989 3298 1018 3346 oi
1049 3297 1168 3347 Sardinia
1197 3296 1275 3344 where

785 3365 899 3426 Quintus
917 3381 969 3413 was
993 3363 1124 3414 stationed
1149 3363 1192 3428 (cl.
1218 3363 1275 3410 Intr.

786 3443 800 3496 5
803 3431 827 3496 5)
837 3446 889 3480 was
897 3430 1052 3494 dangerous,
1062 3446 1126 3479 even
1135 3430 1161 3478 in
1172 3430 1217 3478 the
1223 3429 1275 3477 win-

784 3504 838 3559 ter;
854 3513 899 3548 see
911 3497 967 3547 also
981 3499 1072 3561 Pomp.
1086 3497 1165 3555 Mela,
1179 3510 1200 3544 2.
1215 3509 1263 3560 123.
