2814 4330
140 315 173 374 Q.
178 316 222 378 fr.
237 329 259 378 3.
275 326 295 379 5,
309 312 345 378 6.]
489 312 655 372 CIcuRos
681 313 854 362 turtures.
1161 312 1195 366 97

138 483 177 544 in
196 480 254 544 illa
270 481 473 545 auctoritate
491 481 659 544 senatoria
675 481 795 544 florere
812 482 967 557 debebat,
985 490 1043 544 aut
1067 471 1194 545 forensi

139 590 258 653 labore
283 589 399 652 iactari
428 599 485 653 aut
511 590 705 652 domesticis
737 589 861 653 litteris
894 591 1086 666 sustentari,
1113 590 1194 654 illud

140 718 233 775 ver0,
253 699 342 782 quod
365 719 385 761 a
409 718 514 780 puero
537 699 735 774 adamaram,

225 851 359 919 πολλὸν
374 852 557 940 ἀριστεύειν
572 852 628 918 καὶ
646 854 822 942 ὑπείροχος
840 854 975 935 ἔμμεναι
991 854 1116 934 ἄλλων,

143 1025 256 1080 toturn
273 1015 448 1090 occidisse,
469 1013 622 1078 inimicos
639 1035 659 1078 a
675 1035 729 1079 rne
745 1015 867 1098 partim
885 1036 953 1079 non
970 1025 1192 1099 oppugnatos,

142 1123 268 1206 partim
286 1123 387 1186 etiarn
406 1143 481 1186 esse
499 1123 669 1199 defensos,
688 1143 800 1187 meum
819 1145 885 1188 non
911 1125 1009 1188 modo
1034 1125 1192 1202 animum,

144 1233 206 1295 sed
224 1252 267 1295 ne
283 1231 398 1295 odium
415 1231 549 1315 quidem
567 1251 643 1295 esse
661 1231 814 1308 liberum,
832 1253 1002 1315 unumque
1027 1253 1067 1297 ex
1090 1234 1193 1309 omni-

142 1341 209 1404 bus
226 1339 405 1404 Caesarem
423 1320 498 1403 esse
518 1340 693 1403 inventurn
714 1341 771 1423 qui
796 1360 850 1404 me
873 1350 1006 1404 tantum
1031 1353 1193 1425 quantum

143 1468 209 1531 ego
233 1448 354 1511 vellem
379 1458 515 1524 amaret,
541 1458 598 1512 aut
623 1449 734 1524 etiarn,
762 1449 846 1513 sicut
872 1427 926 1512 alii
949 1459 1080 1532 putant,
1105 1451 1194 1515 hunc

145 1577 252 1620 unum
278 1577 353 1620 esse
376 1557 433 1640 qui
450 1557 561 1621 vellet.
613 1557 764 1641 Quorum
789 1567 901 1620 tamen
928 1558 1010 1621 nihil
1034 1569 1085 1622 est
1112 1560 1194 1622 eius-

144 1665 236 1729 modi
253 1673 289 1727 ut
307 1685 370 1747 ego
387 1684 441 1728 me
459 1686 526 1728 non
544 1666 649 1729 multa
666 1665 894 1730 consolatione
914 1667 1035 1730 cotidie
1057 1667 1194 1745 leniam3
1258 1747 1262 1755 ¹

144 1775 206 1838 sed
224 1773 281 1836 illa
302 1773 365 1837 erit
389 1775 574 1838 consolatio
598 1775 749 1850 maxima,
768 1775 796 1839 si
820 1795 886 1838 una
911 1775 1043 1839 erimus.
1094 1776 1193 1840 Nunc

145 1883 187 1962 ad
212 1881 268 1946 illa
283 1883 336 1946 vel
362 1882 594 1966 gravissimum
618 1883 746 1946 accedit
764 1883 962 1946 desiderium
988 1883 1046 1946 tui.
1097 1883 1227 1956 Gabi-5

144 1991 238 2054 nium
255 1991 292 2067 si,
311 2000 348 2055 ut
367 1991 474 2055 Pansa
494 1993 590 2073 putat
615 1992 813 2073 oportuisse,
832 1991 1068 2066 defendissem,
1087 1993 1193 2056 conci-

145 2100 280 2163 disoem.
331 2100 399 2183 Qui
423 2100 515 2164 illum
540 2100 776 2163 oderunt—ii
802 2109 880 2162 sunt
906 2100 968 2164 toti
993 2101 1124 2163 ordines
1137 2140 1191 2176 —,

144 2216 283 2290 propter
315 2228 414 2290 quem
447 2208 602 2284 oderunt,
630 2228 684 2271 me
711 2208 820 2290 ipsum
853 2208 962 2270 odisse
991 2209 1191 2290 coepissent.

145 2315 256 2407 Tenui
280 2336 343 2391 me,
367 2325 404 2380 ut
429 2326 521 2398 puto,
543 2317 687 2400 egregie,
706 2326 837 2380 tantum
864 2327 900 2379 ut
924 2295 1070 2380 facerem
1093 2338 1194 2399 quan·

145 2431 219 2487 turn
252 2444 368 2487 omnes
394 2424 565 2502 viderunt;
594 2434 628 2488 et
657 2425 691 2488 in
718 2425 809 2488 omni
833 2445 971 2499 summa,
999 2434 1035 2488 ut
1064 2445 1191 2500 mones,

144 2531 243 2596 valde
275 2553 328 2596 me
360 2533 402 2596 ad
434 2534 539 2602 otium
571 2554 757 2617 pacemque
790 2544 958 2597 converto.
1017 2533 1070 2596 De
1101 2533 1228 2597 libriso

145 2685 197 2732 nnis
208 2685 239 2732 de
251 2685 324 2733 rebus
334 2702 350 2733 a
360 2686 452 2750 fratre
464 2702 515 2734 esse
526 2687 643 2742 celatum,
696 2685 817 2748 securing
832 2685 946 2733 Cicero's
964 2685 1038 2741 exile,
1050 2684 1092 2732 ior
1109 2684 1192 2733 which

146 2752 220 2799 Fam.
232 2762 253 2816 5.
263 2765 285 2798 2.
294 2764 316 2814 9.
326 2778 358 2788 -
368 2750 488 2802 πολλὸν.
503 2785 510 2800 .
523 2785 530 2801 .
544 2749 644 2802 Ελλιινε
695 2751 882 2801 actionCicero
890 2750 1012 2799 attacked
1020 2751 1073 2799 him
1081 2751 1193 2816 fiereely,

147 2817 229 2866 Hom.
243 2818 276 2865 Il.
295 2817 317 2866 6.
337 2817 392 2867 208.
402 2819 591 2868 -defensos:
610 2819 643 2868 cf.
695 2818 729 2868 ci.
736 2825 788 2880 pro
799 2820 861 2867 Scst.
877 2831 904 2879 17
915 2817 943 2865 ff.
972 2818 1001 2865 ln
1015 2819 1060 2866 the
1072 2826 1125 2866 text
1139 2818 1194 2867 Cic-

144 2899 178 2932 ex
196 2885 242 2932 hoc
255 2885 347 2942 labore,
360 2886 407 2948 Ep.
421 2886 515 2934 XXII.
531 2899 540 2933 1
555 2902 580 2943 n,
593 2883 645 2934 and
696 2901 741 2934 ero
758 2885 780 2934 is
799 2885 925 2948 speaking
942 2884 971 2933 of
989 2885 1032 2932 the
1050 2885 1106 2934 first
1126 2885 1193 2934 trial.

152 2950 527 3016 Vatinium,Ep.XX11.3n.
695 2979 729 2987 —
744 2952 858 3001 Pansa:
889 2952 919 3000 C.
944 2950 1035 2999 Vibius
1062 2953 1154 3008 Pansa,
1178 2967 1194 3000 a

182 3017 377 3083 §.Gabinium
398 3018 424 3067 si
437 3053 444 3067 .
458 3053 464 3067 .
479 3053 485 3067 .
498 3019 646 3068 delendis·
696 3027 836 3082 supporter
852 3019 882 3067 oi
905 3019 1009 3075 Caesar,
1028 3018 1079 3066 and
1099 3018 1193 3081 picked

145 3097 226 3133 sem:
252 3084 380 3134 Gabinius
403 3100 455 3134 was
482 3085 592 3134 accused
616 3087 646 3134 de
696 3095 743 3134 out
756 3085 789 3151 by
801 3086 853 3134 him
869 3085 912 3133 ior
927 3085 971 3133 the
989 3085 1140 3148 consulship
1151 3084 1194 3134 ior

144 3152 282 3208 maiestate,
306 3152 336 3200 de
361 3153 514 3214 repetundis,
538 3151 589 3201 and
616 3153 646 3201 de
696 3166 736 3216 43.
759 3151 832 3201 With
846 3153 886 3201 his
898 3153 1031 3214 colleague
1045 3152 1148 3201 Hirtius
1160 3151 1193 3201 he

144 3217 244 3266 ambitu
257 3217 300 3282 (cf.
313 3217 342 3278 Q.
347 3219 389 3282 fr.
400 3232 423 3283 3.
439 3232 459 3266 1.
475 3231 518 3284 153
537 3233 560 3284 3.
573 3233 596 3284 3.
610 3219 644 3283 2).
696 3234 748 3268 was
760 3218 840 3268 killed
852 3220 877 3268 in
888 3219 933 3268 the
942 3219 1033 3267 bellum
1047 3220 1194 3267 Mutinense

146 3285 190 3332 On
210 3284 255 3332 the
278 3283 334 3334 first
357 3284 453 3348 charge
477 3285 510 3334 he
530 3301 582 3335 was
605 3300 645 3335 ac·
695 3286 779 3335 inthe
791 3287 879 3349 spring
891 3286 920 3334 of
937 3285 994 3334 that
1010 3301 1077 3350 year.
1109 3287 1194 3335 Pansa

145 3349 249 3414 quitted
272 3350 315 3416 (Q.
331 3352 374 3416 fr.
399 3365 421 3416 3.
445 3366 468 3413 4.
490 3352 514 3416 r)
530 3352 644 3416 through
696 3352 748 3401 had
760 3352 886 3418 probably
896 3350 976 3416 urged
989 3352 1117 3401 Ciceroin
1131 3353 1194 3401 Cae-

145 3417 191 3466 the
200 3417 293 3466 efforts
302 3417 332 3466 oi
344 3419 467 3483 Pompey,
477 3418 518 3469 his
529 3420 644 3483 political
695 3421 759 3470 sar's
779 3435 855 3469 name
876 3428 904 3467 to
924 3418 1068 3468 undertake
1089 3419 1134 3467 the
1152 3418 1193 3468 de·

145 3490 250 3533 master.
286 3484 379 3533 Cicero
401 3501 453 3534 was
475 3485 588 3535 induced
611 3486 645 3551 by
695 3486 769 3535 sense
787 3486 815 3534 oi
838 3486 1140 3535 Gabinius-tanturn
1161 3493 1193 3536 ut

147 3551 264 3616 Pompey
273 3549 326 3600 and
338 3551 436 3601 Caesar
445 3560 473 3600 to
482 3551 578 3602 defend
590 3553 642 3602 him
697 3553 838 3601 lacerem:
866 3553 958 3601 Cicero
979 3552 1108 3616 appeared
1131 3567 1160 3601 as
1177 3568 1193 3601 a

146 3617 221 3665 when
240 3617 274 3666 he
290 3633 363 3666 came
381 3634 416 3682 up
427 3618 470 3667 for
487 3620 546 3669 trial
564 3619 646 3669 under
696 3620 799 3668 witness
823 3620 925 3682 against
950 3619 1078 3669 Gabinius
1101 3620 1128 3668 in
1148 3619 1193 3669 the

145 3682 192 3732 the
203 3683 302 3733 second
314 3684 416 3747 charge,
424 3684 471 3734 but
481 3685 514 3734 he
523 3701 576 3735 was
586 3700 645 3735 con·
696 3685 752 3734 first
765 3686 833 3742 trial;
851 3687 883 3733 cf.
899 3687 929 3746 Q.
934 3687 975 3750 fr.
989 3699 1012 3750 3.
1025 3701 1048 3748 4.
1062 3700 1084 3751 3.

145 3749 233 3799 victed
247 3751 310 3816 (pro
321 3752 411 3800 Rabir.
429 3753 497 3802 Post.
512 3766 550 3809 20,
564 3767 594 3817 32
604 3752 643 3817 i).
729 3753 753 3801 6.
771 3753 806 3802 de
819 3752 910 3802 libris:
929 3752 961 3800 cf.
977 3753 1006 3812 Q.
1011 3754 1053 3818 fr.
1066 3768 1088 3818 3.
1103 3767 1125 3814 4.
1138 3767 1151 3820 5
1163 3755 1193 3802 de

145 3815 274 3868 Gabinius
291 3816 345 3866 had
362 3817 475 3868 asslated
493 3817 602 3869 Clodius
617 3819 644 3868 in
695 3819 838 3868 bibliotheca
859 3825 903 3866 tua
927 3819 1021 3868 Graeca
1044 3821 1192 3882 supplenda,
