2814 4330
233 241 268 295 ⁹4
553 233 720 286 mcano’s
745 231 917 281 narrans.
1104 229 1165 297 [Ep.
1179 231 1302 280 xxrrr.

236 418 337 473 metu.
390 407 441 470 Te
464 425 544 468 vero
571 397 730 466 ὑπόθεσιν
759 399 928 464 scribendi
961 398 1128 481 egregiam
1162 399 1302 462 habere

235 517 340 580 video.
394 515 488 598 Quos
505 523 542 576 tu
560 512 653 584 situs,
673 529 755 592 quas
773 518 909 571 naturas
931 527 1041 570 rerum
1066 516 1100 568 et
1125 507 1298 582 locorum,

236 645 319 709 quos
339 643 458 697 mores,
472 641 554 704 quas
571 628 701 702 gentes,
714 637 796 700 quas
813 636 953 699 pugnas
968 636 1068 698 quem
1082 635 1160 678 vero
1178 616 1299 697 ipsum

237 735 472 815 imperatorem
491 729 609 792 habes!
659 726 734 808 Ego
750 735 784 788 te
804 725 956 798 libenter,
977 734 1014 786 ut
1041 743 1147 806 rogas,
1164 724 1298 806 ¹quibus

184 839 188 846 ’
237 845 336 906 rebus
353 842 403 904 vIs
429 838 601 912 adiuvab0‚
631 845 663 897 et
690 833 751 896 tibi
768 853 885 895 versus
911 851 995 914 quos
1022 852 1128 915 rogas,
1148 839 1211 899 hoc
1236 847 1298 899 est

206 972 219 1026 s
240 952 414 1015 ‘Athenas
428 943 607 1020 noctuam,'
625 943 765 1006 mittam.
802 940 869 1005 Sed
886 941 970 1003 heus
984 943 1037 1004 tul
1063 943 1162 1006 celari
1174 946 1299 1008 videor

158 1031 162 1038 ⁵
237 1069 316 1124 ate.
360 1056 624 1142 Quomodonam,
646 1052 691 1114 mi
707 1051 820 1125 frater,
839 1050 882 1112 de
900 1049 1024 1112 nostris
1042 1053 1196 1116 versibus
1210 1054 1298 1117 Cae-

238 1169 314 1232 sar?
368 1168 455 1230 Nam
480 1166 624 1248 primum
654 1162 774 1225 librum
802 1181 838 1224 se
865 1161 988 1244 legisse
1014 1163 1145 1246 scripsit
1170 1166 1212 1226 ad
1237 1186 1298 1228 me

238 1285 325 1351 ante,
345 1285 378 1338 et
396 1275 501 1356 prima
518 1275 566 1338 sic
585 1283 623 1336 ut
641 1281 743 1355 neget
768 1292 805 1335 se
831 1293 873 1335 ne
900 1273 1028 1337 Graeca
1044 1275 1175 1356 quidem
1201 1275 1298 1337 meli-

238 1406 295 1448 ora
330 1385 467 1466 legisse3
504 1383 631 1465 reliqua
668 1383 709 1445 ad
744 1383 910 1464 quendam
949 1381 1058 1446 locum
1088 1379 1297 1468 ρᾳθυμότερα

238 1494 359 1557 -hoc
393 1493 480 1555 enim
513 1492 638 1555 utimur
667 1493 778 1554 verbo.
831 1490 894 1554 Dic
928 1491 1010 1553 mihi
1038 1512 1177 1555 verum:
1210 1513 1295 1555 num

239 1612 297 1666 aut
323 1622 376 1665 res
402 1621 479 1663 eum
509 1610 566 1664 aut
596 1597 770 1684 χαρακτὴρ
800 1619 868 1661 non
896 1600 1067 1662 delectat?
1118 1600 1210 1662 Nihil
1240 1611 1296 1663 est

240 1711 328 1794 quod
358 1729 492 1772 vereare
500 1729 507 1784 ;
540 1729 603 1791 ego
637 1707 725 1770 enim
759 1728 802 1771 ne
832 1707 899 1789 pilo
928 1707 1062 1790 quidem
1096 1709 1206 1771 minus
1239 1729 1296 1772 me

240 1820 365 1882 amabo.
434 1817 508 1880 Hac
533 1817 574 1880 de
599 1836 635 1880 re
659 1811 856 1898 φιλαληθῶς
883 1826 927 1891 et,
955 1825 991 1878 ut
1018 1816 1106 1879 soles
1133 1817 1293 1894 scribere,

240 1928 398 1990 fraterne.

540 2116 679 2182 xxm.
715 2115 828 2202 (Μ.
850 2133 880 2196 3-
902 2131 929 2198 5.
948 2118 994 2197 6.)

420 2292 573 2341 MARCVS
599 2291 744 2353 QVINTO
770 2291 908 2339 FRATRI
935 2290 1116 2340 SALVTEM.

208 2467 219 2503 1
289 2428 389 2511 Quod
414 2426 546 2510 quaeris
571 2426 651 2509 quid
676 2426 724 2497 de*
742 2424 809 2488 illis
833 2425 926 2488 libris
954 2426 1079 2508 egerim
1102 2447 1195 2509 quos,
1216 2449 1290 2491 cum

240 2557 349 2601 essem
367 2536 400 2598 in
420 2535 580 2609 Cumano,
601 2534 747 2598 scribere
772 2533 913 2609 institui,
935 2555 1002 2597 non
1030 2536 1157 2598 cessavi
1183 2557 1291 2620 neque

239 2678 309 2727 vices
324 2677 394 2726 from
414 2678 528 2740 Pompey
546 2684 574 2725 to
593 2676 691 2724 Caesar
708 2682 735 2724 at

139 2799 146 2810 .
239 2743 284 2794 the
293 2743 470 2807 beginningoi
476 2743 521 2791 the
530 2757 735 2807 year-versus

240 2846 288 2860 ...
304 2825 407 2874 rogas:
430 2810 543 2870 Quintus
563 2810 585 2858 is
606 2808 736 2874 evidently

239 2878 446 2940 writingapoem
454 2892 488 2925 on
496 2876 736 2931 Caesar'sachieve·

239 2953 323 2993 ments
331 2946 356 2992 in
365 2942 528 3001 BritaIn‚and
537 2951 654 3007 requests
663 2958 736 2992 some

204 3023 207 3027 '
239 3027 326 3060 verses
333 3011 401 3059 from
411 3010 451 3059 his
460 3010 572 3059 brother.
592 3010 649 3058 The
659 3025 736 3073 poem

238 3077 260 3127 is
272 3085 318 3126 not
334 3086 430 3126 extant.
442 3107 475 3114 -
485 3079 618 3129 Athenas
635 3085 736 3127 noctu·

239 3159 296 3194 am:
318 3145 362 3193 the
383 3146 501 3208 proverb,
515 3149 600 3196 ‘coals
617 3154 645 3195 to
664 3147 738 3195 New-

238 3211 334 3270 castre:
352 3227 381 3261 as
399 3230 436 3262 we
455 3232 508 3280 say,
533 3231 642 3280 appears
659 3216 686 3264 in
704 3215 737 3265 its

239 3279 325 3328 Greek
353 3281 429 3339 torm,
454 3279 541 3342 ’γλαῦκ’
572 3285 603 3333 εἰς
625 3277 737 3343 Ἀθήνας,

238 3347 537 3416 Mmppubpa

273 3428 293 3480 5.
306 3417 380 3465 heus
393 3426 434 3467 tu:
445 3418 477 3466 ct.
488 3419 536 3480 Ep.
550 3418 666 3467 XXXV.
676 3430 737 3483 25n.

237 3483 371 3541 -celari‚
391 3491 414 3532 ta
434 3486 460 3532 be
481 3486 539 3545 kept
557 3487 584 3532 in
605 3486 646 3533 the
664 3486 737 3534 dark.

237 3550 312 3598 -de
331 3551 438 3599 nostris
458 3552 602 3600 versibus:
622 3551 737 3601 Cicero's

236 3631 322 3679 poem,
341 3618 371 3664 de
402 3617 562 3679 Temporibus
587 3619 659 3666 Meis.
695 3618 736 3667 CI.

237 3683 293 3731 also
305 3684 377 3730 Fam.
395 3696 448 3744 r.9.
464 3697 510 3746 23;
531 3683 559 3742 Q.
570 3685 611 3747 sr.
626 3698 648 3748 3.
665 3699 685 3732 r.
698 3697 737 3744 24.

237 3774 270 3784 -
280 3747 448 3813 ῥᾳθυμότερα,
468 3766 484 3796 a
502 3750 570 3812 trista
585 3751 738 3799 carebas.-

796 2676 851 2724 hoc
865 2711 872 2724 .
886 2711 893 2724 .
907 2711 914 2725 .
926 2679 1025 2725 verbo:
1043 2676 1087 2725 the
1099 2676 1170 2725 word
1183 2675 1291 2742 ῥᾳθυμό-

796 2758 859 2805 repo
876 2741 928 2791 had
948 2751 995 2790 not
1014 2743 1079 2792 been
1100 2743 1163 2792 used
1181 2743 1215 2809 by
1232 2745 1292 2794 Cae

797 2824 845 2866 sar,
870 2808 916 2857 but
942 2809 1034 2858 Cicero
1059 2809 1170 2860 believes
1194 2811 1252 2860 that
1274 2813 1292 2861 it

797 2891 931 2938 expresses
945 2876 1064 2926 Caesar’s
1079 2877 1185 2940 opinion
1203 2879 1233 2927 oi
1250 2879 1292 2929 the

796 2943 873 2991 latter
883 2951 941 3006 part
956 2943 985 2991 oi
997 2943 1041 2992 the
1053 2959 1178 3007 poem—
1187 2959 1223 2994 ne
1236 2946 1291 3009 pilo

796 3010 912 3073 quidem
926 3010 1031 3070 minus,
1043 3018 1108 3059 nata
1119 3013 1230 3061 whitthe
1239 3015 1290 3061 less.

796 3076 837 3125 Cf.
851 3077 895 3126 the
915 3078 1012 3126 similar
1031 3078 1177 3143 proverbial
1195 3095 1292 3142 expres·

794 3147 873 3206 sions‚
888 3165 932 3197 uec
953 3180 997 3193 .··
1010 3149 1087 3211 flacci
1096 3147 1175 3211 facia,
1188 3148 1241 3194 Att.
1257 3160 1265 3193 r
1270 3161 1290 3210 3.

795 3229 833 3282 50.
858 3234 890 3283 3;
916 3235 967 3267 nau
1004 3216 1083 3263 nauci
1105 3216 1185 3278 sacia,
1210 3213 1290 3262 Plaut.

793 3285 886 3334 Bacch.
902 3301 972 3336 1102.
1226 3308 1231 3318 ·

827 3353 934 3402 XXIII.
954 3356 1105 3410 Tusculum,
1120 3352 1185 3408 Oct,
1201 3361 1230 3413 54
1243 3359 1290 3396 ¹³·C·

828 3433 848 3466 1.
867 3422 902 3469 de
928 3422 984 3472 illis
1015 3423 1114 3473 libris:
1142 3418 1186 3467 the
1209 3415 1290 3464 books

792 3487 822 3534 ol
839 3487 883 3536 the
895 3490 925 3537 de
937 3491 975 3537 Re
994 3491 1108 3539 Publica.
1116 3519 1149 3527 -—
1159 3484 1290 3537 novendi-

792 3553 885 3604 alibus
909 3555 944 3604 iis
966 3557 1060 3606 feriis:
1088 3558 1119 3606 cf.
1142 3558 1196 3606 Cic.
1209 3557 1239 3603 de
1255 3553 1290 3600 Re

791 3621 854 3667 Pub.
870 3635 890 3668 1.
906 3635 934 3679 14
951 3639 1010 3670 uam
1031 3641 1088 3673 cum
1105 3626 1135 3672 P.
1151 3627 1290 3690 Africanus

790 3686 838 3740 hia,
854 3689 1021 3750 Paulifilius.
1032 3692 1113 3752 seriis
1128 3693 1230 3740 latinis
1246 3694 1289 3740 Tu-

789 3753 878 3800 ditano
895 3761 919 3801 et
935 3756 1041 3818 Aquilio
1059 3773 1105 3804 cas.
1125 3761 1288 3808 constituisset
