2814 4330
596 355 763 409 crcnno‘s
784 358 958 410 marnas.
1030 349 1039 370 ⁸
1107 369 1170 437 [ap.
1184 373 1314 422 xxvrr

567 485 694 564 elmar(
721 483 740 524 l
771 477 948 534 labris>

515 588 542 640 V
555 602 707 668 XXVII.
742 603 847 691 (Fam.
872 605 921 670 16.
945 605 1009 688 16.)

511 776 677 839 QVINTVS
702 778 834 828 MARCO
860 778 998 827 FRATRI
1024 779 1049 828 S.

227 932 235 969 ι
296 912 356 974 ·De
373 911 506 987 Tirone,
525 911 570 974 mi
589 911 712 986 Marce,
732 911 779 974 ita
795 920 830 974 te
849 931 1028 995 meumque
1049 912 1248 977 Ciceronem
1272 925 1308 977 et

255 1039 363 1083 meam
388 1019 565 1083 Tulliolam
590 1029 754 1101 tuumque
778 1019 882 1082 filium
906 1019 1045 1095 videam,
1066 1030 1101 1083 ut
1127 1021 1207 1083 mihi
1233 1043 1308 1105 gra-

256 1128 421 1191 tissimum
441 1127 561 1202 fecisti,
581 1148 656 1191 cum
682 1148 758 1190 eum
784 1127 957 1210 indignum
983 1127 1038 1191 illa
1061 1128 1197 1192 fortuna
1223 1129 1307 1192 iudi-

255 1236 340 1299 casti
371 1256 410 1300 ac
442 1234 539 1299 nobis
570 1236 711 1300 amIcum
740 1257 838 1320 quam
872 1256 1004 1299 servum
1036 1256 1110 1300 esse
1143 1237 1304 1302 maluisti.

256 1343 341 1407 Mihi
358 1345 465 1419 crede,
484 1343 553 1407 tuis
570 1353 604 1407 et
621 1343 709 1407 illius
727 1343 849 1408 litterIs
865 1343 1023 1426 perlectis
1040 1344 1158 1407 exsilui
1179 1346 1307 1427 gaudio

222 1483 235 1518 2
255 1461 289 1515 et
306 1452 369 1516 tibi
386 1461 420 1515 et
437 1472 500 1535 ago
521 1451 645 1535 gratias
667 1462 702 1515 et
719 1453 878 1535 gratulor.
929 1451 966 1516 Si
992 1452 1081 1516 enim
1105 1452 1186 1515 mihi
1211 1453 1306 1518 Stati

255 1560 397 1624 fidelitas
423 1570 474 1624 est
499 1569 614 1625 tantae
633 1559 807 1643 voluptati,
826 1560 944 1644 quanti
969 1580 1043 1624 esse
1068 1560 1100 1623 in
1127 1561 1193 1625 isto
1219 1561 1306 1628 haec

255 1669 370 1732 eadem
389 1669 477 1732 bona
490 1669 614 1732 debent
632 1669 755 1733 additis
773 1669 903 1744 litteris,
918 1669 1139 1745 sermonibus,
1151 1669 1306 1734 humani-

254 1786 334 1852 tate,
346 1798 431 1861 quae
444 1787 522 1840 sunt
535 1777 586 1841 bis
600 1776 681 1860 ipsis
692 1777 874 1841 commodis
884 1776 1029 1859 potiora!
1077 1777 1168 1841 Amo
1186 1786 1222 1841 te
1235 1799 1306 1843 om-

254 1885 353 1949 nibus
371 1886 523 1970 equidem
546 1887 588 1949 de
609 1885 762 1950 maximis
779 1886 897 1961 causis,
913 1906 1029 1950 verum
1046 1885 1147 1950 etiam
1164 1897 1305 1970 propter

254 1994 349 2069 hanc,
361 1995 413 2058 vel
424 1995 512 2077 quod
526 1995 605 2057 mihi
615 1994 662 2058 sic
674 2004 711 2059 ut
722 1994 869 2059 debuisti
880 1994 1053 2058 nuntiasti.
1084 1994 1134 2056 Te
1144 2003 1256 2059 toturn
1267 1996 1304 2059 in

245 2083 375 2166 litteris
390 2102 466 2166 vidi.
518 2102 635 2168 Sabini
654 2102 766 2185 pueris
784 2113 817 2166 et
834 2102 972 2186 promisi
988 2101 1100 2166 omnia
1116 2111 1150 2166 et
1166 2101 1302 2169 faciam.

553 2338 723 2403 xxvur.
759 2338 863 2424 (ran.
883 2353 912 2418 7.
937 2340 1001 2422 15.)

597 2512 736 2563 CICERO
760 2512 957 2562 TREBATIO.

221 2683 231 2719 ι
300 2647 411 2732 Quam
435 2647 502 2710 sint
529 2647 653 2710 morosi
678 2647 735 2731 qui
761 2655 874 2711 amant
901 2646 954 2710 vel
981 2666 1021 2710 ex
1050 2646 1113 2711 hoc
1144 2645 1300 2731 intellegi

253 2765 381 2840 potest:
413 2755 554 2818 moleste
581 2754 730 2819 ferebam
757 2763 857 2818 antea
880 2763 915 2818 te
940 2755 1082 2820 invitum
1108 2754 1183 2819 istic
1209 2775 1300 2834 esse;

253 2864 372 2948 pungit
397 2884 451 2927 me
476 2884 590 2927 rursus
615 2865 704 2947 quod
736 2863 854 2928 scribis
879 2883 954 2927 esse
979 2873 1014 2927 te
1038 2862 1113 2927 istic
1142 2863 1298 2931 libenter.

288 3005 406 3056 XXVII.
417 3004 587 3068 Transalpina
595 3005 671 3064 Gaul,
681 3006 750 3072 May,
801 3005 897 3069 phrase
908 3003 960 3054 and
969 3006 1041 3054 crede
1048 3005 1117 3054 ms'hi
1124 3020 1167 3054 are
1176 3020 1299 3055 common

255 3085 286 3138 53
299 3083 350 3121 rac.
801 3071 1127 3135 inthecorrespondence.
1154 3070 1211 3121 The
1223 3073 1301 3121 latter

289 3153 309 3187 1.
328 3139 369 3188 mi
388 3140 498 3188 Marce:
516 3139 549 3188 cf.
563 3140 602 3187 ms'
618 3141 751 3202 Pomponi,
802 3154 887 3189 seems
910 3147 938 3188 to
962 3139 993 3188 be
1015 3138 1060 3188 the
1080 3138 1229 3204 colloquial,
1247 3138 1299 3188 and

253 3207 301 3270 Ep.
322 3207 355 3256 X.
375 3220 566 3255 n.-meam:
592 3209 650 3270 (not
667 3207 750 3271 tuam)
802 3207 870 3254 milri
882 3207 953 3254 crede
965 3206 1009 3254 the
1024 3221 1097 3255 more
1108 3205 1202 3254 formal
1215 3205 1298 3255 order.

253 3282 281 3322 to
293 3273 406 3322 indicate
419 3273 460 3322 his
469 3271 593 3322 affection
605 3272 648 3321 for
657 3273 750 3322 Tullia.
801 3272 950 3323 —exsilui
975 3273 1098 3337 gaudio:
1122 3272 1148 3320 in
1171 3271 1299 3337 harmony

251 3368 285 3376 -
294 3339 464 3390 Tulliolam:
484 3339 517 3388 cf.
532 3341 683 3402 pulchellus,
702 3341 750 3403 Ep.
802 3339 863 3388 with
873 3339 1039 3388 theiamiliar
1048 3338 1147 3388 toneat
1158 3337 1202 3387 the
1214 3337 1298 3388 letter.

253 3408 285 3456 V.
301 3422 330 3456 ro
348 3423 372 3455 n.
386 3405 437 3454 and
456 3407 519 3455 Intr.
533 3406 750 3467 76.—amicum
837 3419 858 3454 2.
887 3406 976 3456 Stati:
1000 3405 1032 3455 cf.
1053 3407 1100 3469 Ep.
1119 3405 1182 3453 v11.
1203 3418 1213 3453 1
1234 3421 1298 3454 n.—

254 3509 261 3522 .
281 3509 288 3522 .
309 3509 315 3522 .
335 3473 476 3523 maluisti:
497 3473 558 3522 with
577 3473 708 3523 reference
722 3482 750 3522 to
802 3473 845 3522 sic
933 3472 1084 3523 nuntiasti:
1104 3471 1146 3520 for
1163 3471 1208 3520 the
1225 3470 1298 3521 abso

253 3541 338 3590 Tiro’s
348 3540 544 3590 manumission.
564 3540 656 3589 Cicero
666 3556 750 3590 seems
801 3540 855 3589 lute
875 3555 920 3589 use
938 3539 967 3589 of
990 3541 1087 3596 auritio,
1106 3538 1139 3587 cf.
1158 3538 1216 3587 Ter.
1235 3540 1295 3587 Hes.

253 3615 281 3656 to
305 3607 373 3656 refer
396 3616 424 3656 to
448 3607 493 3656 the
522 3622 594 3656 same
623 3615 700 3656 event
724 3607 750 3656 in
801 3606 858 3667 642,
867 3607 933 3665 bene,
943 3608 979 3656 ita
992 3623 1032 3655 me
1041 3606 1072 3654 di
1080 3611 1173 3662 ament,
1182 3607 1296 3654 κηπείας.

252 3680 339 3722 nostra
415 3673 490 3736 fient,
513 3676 586 3723 Fam.
609 3674 645 3722 16.
667 3688 705 3724 ro.
726 3688 749 3732 2,
800 3673 954 3724 —Sabinis
973 3672 1112 3721 unknown.

252 3739 304 3788 and
315 3741 368 3788 dies
380 3741 567 3803 promissorum
586 3741 662 3797 adest,
675 3757 748 3803 quem
835 3740 967 3788 XXVIII.
982 3741 1073 3796 Rome,
1086 3739 1160 3800 June,
1173 3751 1204 3803 53
1217 3750 1267 3786 lac.

250 3808 326 3854 elsam
348 3807 544 3868 repraesentabo,
564 3809 588 3854 si
608 3808 748 3863 adveneris,
836 3821 856 3854 1.
892 3821 979 3870 quam
1015 3806 1072 3855 sint
1107 3805 1214 3854 morosi
1249 3805 1296 3870 qui

250 3872 324 3920 Fam.
335 3871 372 3921 16.
386 3886 422 3932 14.
432 3886 493 3920 2.-
502 3873 685 3921 mihicrede:
698 3873 750 3922 this
800 3881 916 3922 amant:
941 3872 1040 3922 B'o'ckel
1063 3871 1195 3921 considers
1213 3871 1265 3921 this
1281 3887 1297 3920 a
