2834 4326
234 277 267 330 54
574 281 742 332 CICERO’S
767 282 942 332 LETTERS.
1140 281 1203 347 [Ep.
1219 285 1301 334 XII.

235 447 297 510 sim
323 448 478 512 adflictus
503 458 540 512 ut
565 469 665 513 nemo
691 469 857 533 umquam,
876 450 965 533 quod
989 459 1063 513 tute
1086 450 1298 534 intellegis?

236 555 338 637 Spem
356 557 506 620 ostendis
524 559 709 621 secundum
726 558 870 622 comitia.
906 558 1001 641 Quae
1015 558 1080 622 ista
1092 567 1145 622 est
1161 561 1296 624 eodem

202 685 215 720 2
234 664 369 728 tribuno
387 665 429 747 pl.
450 675 483 729 et
509 666 644 729 inimico
669 666 806 730 consule
830 666 1031 748 designato?
1081 668 1295 731 Percussisti

233 782 347 836 autem
372 794 425 836 me
450 774 551 836 etiam
575 775 616 836 de
640 774 791 838 oratione
815 774 953 856 prolata.
1003 767 1068 838 Cui
1083 775 1223 850 vulneri,
1247 787 1293 839 ut

234 882 362 957 scribis,
387 884 530 957 medere,
554 882 582 945 si
606 883 685 965 quid
710 892 817 964 potes.
868 883 996 965 Scripsi
1021 883 1175 965 equidem
1200 884 1292 948 olim

234 989 265 1052 ei
282 989 386 1053 iratus
399 991 487 1072 quod
505 991 559 1053 ille
577 991 665 1072 prior
679 991 867 1072 scripserat,
881 992 940 1054 sed
957 992 1003 1055 ita
1016 1011 1290 1073 compresseram

234 1108 270 1160 ut
285 1119 464 1181 numquam
479 1109 707 1162 emanaturam
725 1109 887 1180 putarem.
923 1099 1101 1182 Quomodo
1118 1099 1289 1163 exciderit

233 1207 363 1283 nesci0;
386 1208 445 1270 sed
462 1207 539 1288 quia
556 1227 735 1288 numquam
754 1207 874 1270 accidit
892 1217 928 1269 ut
947 1228 1021 1271 cum
1040 1227 1080 1270 eo
1093 1208 1194 1270 verbo
1213 1229 1288 1271 uno

233 1325 472 1390 concertarem,
491 1325 524 1377 et
543 1315 620 1397 quia
642 1315 766 1396 scripta
790 1315 871 1377 mihi
888 1316 1019 1379 videtur
1044 1315 1287 1398 neglegentius

233 1443 331 1505 quam
349 1433 491 1498 ceterae,
510 1433 592 1504 puto
616 1443 716 1504 posse
733 1423 866 1504 probari
884 1444 951 1487 non
969 1444 1043 1487 esse
1060 1444 1177 1487 meam.
1230 1425 1284 1500 Id,

234 1531 262 1592 si
279 1541 377 1612 putas
394 1552 447 1594 me
467 1551 566 1613 posse
590 1531 709 1606 sanari,
729 1551 826 1594 cures
843 1532 959 1608 velim;
984 1532 1036 1595 sin
1063 1531 1160 1614 plane
1184 1532 1283 1613 perii,

200 1639 345 1717 3minus
370 1640 492 1704 laboro
544 1641 617 1722 Ego
642 1639 741 1702 etiam
767 1659 856 1703 nunc
879 1640 995 1703 eodem
1019 1639 1052 1702 in
1078 1641 1150 1703 loco
1175 1639 1281 1716 iaceo,

234 1747 307 1810 sine
324 1767 478 1811 sermone
496 1749 573 1822 uuo,
593 1748 665 1810 sine
682 1747 886 1829 cogitatione
903 1748 978 1811 ulla.
1030 1748 1125 1811 Licet
1145 1747 1221 1822 tibi,
1243 1758 1283 1811 ut

234 1856 362 1931 scribis,
390 1856 603 1939 significarim
630 1866 666 1919 ut
691 1856 732 1918 ad
757 1876 811 1918 me
835 1855 980 1933 venires;
1015 1857 1139 1918 dudum
1165 1865 1280 1919 tamen

234 1963 393 2047 intellego
410 1974 444 2027 te
465 1965 539 2028 istic
565 1965 733 2046 prodesse,
753 1963 806 2027 hic
831 1983 873 2026 ne
890 1964 991 2027 verbo
1009 1963 1143 2047 quidem
1167 1963 1280 2026 levare

233 2092 287 2135 me
304 2094 411 2154 posse.
463 2073 540 2137 Non
558 2093 643 2155 queo
661 2072 928 2154 plurascribere,
947 2092 1009 2136 nec
1028 2080 1079 2135 est
1096 2072 1184 2155 quod
1201 2073 1279 2135 scri-

234 2182 326 2244 bam:
350 2191 462 2245 vestra
486 2181 592 2264 magis
617 2190 785 2262 exspecto.
836 2181 925 2245 Data
948 2199 1007 2244 XVI
1035 2181 1110 2244 Kal.
1135 2180 1279 2245 Sextiles

233 2290 503 2354 Thessalonicae.
911 2302 913 2305 '

234 2420 240 2444 ¹
249 2413 283 2462 do
296 2429 346 2478 you
355 2414 441 2463 blame
454 2430 503 2468 me.
513 2415 572 2462 then
583 2415 609 2463 ?'
631 2413 671 2463 Cl.
682 2415 729 2476 Ep.
782 2416 827 2463 sed
833 2415 897 2478 quid
907 2415 984 2463 Curio
993 2415 1005 2462 ?
1013 2429 1049 2461 an
1058 2415 1131 2462 illam
1140 2415 1276 2462 orationem

234 2481 361 2529 LXXIX.
380 2497 395 2541 4
413 2481 454 2529 hic
471 2488 499 2528 tu
517 2498 557 2529 me
573 2482 653 2529 abesse
670 2481 731 2528 urbe
782 2497 833 2528 non
852 2481 934 2543 legit?
958 2497 1022 2544 quae
1041 2482 1109 2529 unde
1125 2481 1160 2528 sit
1174 2482 1277 2542 prolata

233 2549 346 2605 miraris,
368 2550 396 2595 in
420 2564 470 2611 qua
494 2549 583 2596 domus
604 2549 673 2596 nihil
692 2549 730 2595 de·
782 2549 869 2596 nescio.
905 2547 969 2595 This
987 2555 1056 2596 must
1074 2547 1107 2596 be
1124 2562 1140 2594 a
1157 2545 1277 2596 different

232 2617 324 2663 lectore
331 2615 418 2676 possit,
429 2616 496 2663 etc?
508 2630 538 2662 or
547 2615 567 2662 it
577 2630 636 2679 may
645 2629 728 2669 mean,
782 2614 884 2662 oration
896 2613 965 2662 from
977 2613 1021 2662 the
1034 2629 1084 2662 one
1100 2613 1129 2661 oi
1146 2613 1228 2662 which
1240 2629 1277 2661 we

234 2687 274 2729 ‘at
288 2681 338 2729 this
351 2681 425 2743 point
437 2682 462 2729 in
478 2697 542 2746 your
559 2682 650 2736 letter,’
664 2681 730 2729 alter
781 2681 848 2730 have
861 2689 973 2729 extracts
986 2680 1011 2728 in
1025 2681 1072 2743 Ep.
1084 2681 1116 2727 V.
1128 2693 1150 2743 9.
1159 2707 1192 2715 —
1201 2681 1275 2743 quod

234 2748 334 2810 writing
351 2748 380 2795 ol
397 2748 441 2796 the
460 2748 545 2796 action
564 2748 593 2795 oi
611 2748 728 2796 Clodius.
782 2747 828 2795 ille
853 2748 929 2810 prior
952 2747 1124 2810 scripserat:
1152 2746 1276 2811 probably

233 2815 435 2863 —secundum
458 2815 589 2864 comitia:
615 2816 730 2879 Pompey
782 2813 836 2878 just
857 2814 946 2862 before
967 2829 996 2862 or
1020 2814 1087 2862 alter
1107 2814 1151 2861 the
1172 2813 1229 2861 trial
1248 2812 1277 2860 ol

233 2881 371 2944 expressed
388 2882 452 2929 later
464 2882 508 2929 the
525 2897 597 2930 same
615 2881 683 2943 hope
702 2881 730 2928 ol
783 2880 899 2937 Clodius,
917 2895 946 2928 as
965 2879 1044 2929 Curio
1062 2896 1114 2928 was
1132 2880 1176 2928 the
1194 2880 1276 2928 cham-

233 2948 366 2996 lavorable
384 2947 471 2996 action
490 2947 572 2996 ‘alter
591 2948 635 2996 the
653 2948 730 2996 comi·
782 2947 844 3010 pion
857 2947 886 2995 of
903 2946 1012 2995 Clodius
1025 2948 1049 2995 in
1063 2947 1107 2995 the
1122 2955 1225 3004 senate;
1243 2946 1274 2994 cf.

234 3015 298 3072 tia’;
314 3015 346 3062 cl.
357 3017 409 3062 Att.
421 3029 443 3078 3.
457 3015 492 3062 18.
504 3029 558 3061 1.—
567 3016 669 3064 eodem
681 3049 687 3062 .
701 3049 708 3062 .
722 3049 729 3062 .
782 3016 836 3062 Att.
853 3029 871 3062 1.
888 3028 924 3073 14.
937 3026 957 3078 5.
968 3015 1154 3077 —quomodo
1167 3013 1277 3061 excide-

233 3082 403 3144 designato:
427 3083 464 3128 i.e.
484 3081 544 3128 with
568 3081 677 3130 Clodius
701 3097 730 3129 as
782 3081 827 3139 rit,
847 3083 903 3130 horo
923 3083 945 3127 it
963 3089 1007 3143 got
1029 3087 1200 3142 oret-puto
1219 3115 1225 3128 .
1244 3115 1273 3128 ..

234 3147 336 3196 tribune
359 3147 410 3194 and
435 3149 557 3196 Metellus
587 3149 678 3210 Nepos
701 3163 730 3196 as
783 3161 893 3196 meam:
912 3147 1027 3195 Cicero’s
1045 3147 1172 3195 intention
1189 3154 1217 3195 to
1229 3145 1275 3194 dis·

232 3216 322 3263 consul
331 3216 483 3276 designatus.
504 3215 626 3264 Metellus
640 3215 731 3276 Nepos
783 3229 855 3262 avow
866 3214 910 3263 the
920 3213 1073 3275 authorship
1082 3213 1111 3261 of
1123 3213 1174 3262 this
1183 3213 1273 3276 speech

232 3281 331 3343 proved
341 3289 368 3328 to
378 3281 410 3329 be
418 3281 535 3345 friendly.
555 3282 603 3330 See
614 3282 730 3329 Cicero's
782 3280 850 3329 finds
863 3295 935 3330 some
948 3281 1116 3329 extenuation
1128 3280 1154 3328 in
1167 3280 1211 3328 the
1223 3279 1274 3328 des·

232 3350 309 3397 letter
326 3349 354 3396 of
378 3348 474 3396 thanks
495 3348 537 3395 lor
558 3348 603 3396 the
621 3355 730 3410 support
782 3356 871 3410 perate
884 3355 975 3395 nature
988 3347 1017 3395 of
1028 3347 1068 3394 his
1081 3347 1202 3409 position.
1228 3347 1274 3394 For

232 3415 262 3464 ol
281 3415 401 3463 Metellus
416 3416 513 3477 Nepos,
527 3416 600 3462 Fam¹
616 3427 635 3479 5.
649 3429 678 3474 4;
697 3414 729 3462 cf.
782 3415 857 3463 other
865 3413 1045 3478 questionable
1055 3422 1118 3470 acts,
1127 3413 1231 3462 cilntr.
1238 3426 1272 3473 47.

232 3483 288 3531 also
296 3491 346 3543 pro
358 3483 419 3529 Sest.
437 3495 490 3544 ¹30·
816 3496 838 3545 3.
856 3489 887 3530 ut
906 3482 942 3528 ad
961 3495 1007 3529 me
1020 3481 1144 3538 venires,
1158 3487 1217 3528 etc:
1234 3495 1273 3528 see

267 3563 288 3596 2.
308 3549 342 3596 de
356 3548 484 3597 oratione
498 3547 622 3610 prolata:
637 3547 729 3596 Cicero
782 3547 845 3596 Crit.
860 3546 979 3611 Append.
989 3547 1102 3598 —istic.
1113 3548 1188 3602 there,
1197 3547 1273 3594 where

232 3615 284 3664 had
294 3615 525 3677 writtenaspeech
536 3615 637 3676 against
650 3615 729 3663 Curio
776 3631 830 3677 you
852 3631 903 3670 are,
922 3615 960 3661 ia.
979 3614 1004 3661 in
1028 3615 1271 3662 Rome-vestra:

231 3682 277 3730 the
289 3681 366 3737 elder,
377 3681 459 3728 which
474 3681 668 3745 unfortunately
678 3696 729 3729 was
784 3681 840 3744 (not
857 3681 912 3742 ma)
930 3688 957 3728 to
976 3680 1079 3729 include
1102 3680 1192 3728 letters
1212 3680 1271 3726 from

231 3747 377 3810 published.
413 3746 454 3794 Cf.
473 3748 529 3795 also
548 3748 600 3794 Art.
620 3761 641 3810 3.
664 3759 728 3811 155
782 3747 857 3795 other
874 3745 972 3795 friends
990 3747 1171 3795 also-data
1191 3746 1274 3810 (sc.est

230 3816 359 3862 insenatu
371 3829 424 3860 rem
432 3814 511 3875 probe
527 3813 615 3861 scribis
632 3820 728 3869 actam
780 3815 897 3876 epistula)
912 3819 969 3861 xv1
989 3813 1065 3861 Kal:
1084 3813 1110 3860 in
1127 3812 1171 3861 the
1189 3812 1272 3860 letters
