2834 4326
235 301 268 354 58
571 299 739 350 CICERO’S
765 299 938 348 LETTERS.
1131 299 1194 365 [Ep.
1209 303 1295 352 XIV.

235 469 358 544 nescio,
377 467 443 532 nisi
462 469 502 532 ad
529 468 660 550 eosqui
684 469 725 532 ad
750 488 804 530 me
828 467 989 544 scribunt,
1008 476 1064 531 aut
1090 469 1130 530 ad
1156 488 1216 532 eos
1244 471 1293 534 de

235 577 356 661 quibus
373 578 415 640 ad
432 597 485 640 me
502 597 561 640 vos
586 576 709 658 aliquid
733 576 891 640 scribitis.
943 577 1103 659 Longius,
1123 577 1289 660 quoniam

235 686 282 750 it'a
305 685 400 749 vobis
424 685 544 767 placet,
571 704 638 747 non
664 685 847 761 discedam;
879 685 939 747 sed
964 685 1062 747 velim
1087 705 1186 768 quam
1213 705 1290 748 sae-

235 793 372 876 pissime
388 793 518 856 litteras
536 792 687 867 mittatis,
707 792 902 874 praesertim
927 793 1050 876 siquid
1075 802 1127 856 est
1152 793 1288 858 firmius

235 903 323 986 quod
340 922 522 984 speremus.
560 901 691 976 Valete,
707 921 781 963 mea
798 901 971 976 desideria,
987 901 1104 965 valete.
1146 901 1187 965 D.
1204 923 1233 966 a.
1250 904 1284 967 d.

235 1030 273 1073 111
291 1011 379 1074 Non.
400 1010 476 1075 Oct.
527 1009 776 1073 Thessalonica.

583 1219 677 1282 XIV.
713 1219 796 1304 (Art.
817 1235 846 1298 3.
862 1221 931 1302 22.)

556 1375 695 1425 elcuno
721 1376 860 1425 arrico
886 1376 962 1424 SAL.

202 1541 212 1576 1
281 1511 358 1576 Etsi
374 1510 554 1593 diligenter
573 1511 614 1573 ad
640 1531 693 1573 me
712 1511 753 1593 Q.
773 1510 877 1573 frater
902 1520 935 1573 et
962 1511 1036 1574 Piso
1054 1531 1140 1594 quae
1164 1523 1283 1575 essent

233 1630 309 1684 acta
333 1620 546 1701 scripserant,
573 1629 686 1681 tamen
711 1619 831 1681 vellem
864 1627 922 1682 tua
950 1628 984 1682 te
1012 1619 1187 1701 occupatio
1211 1641 1283 1683 non

234 1729 429 1810 impedisset
446 1749 511 1810 quo
530 1728 649 1802 minus,
670 1736 707 1790 ut
725 1727 904 1803 consuesti,
924 1729 965 1791 ad
987 1748 1041 1790 me
1065 1728 1144 1811 quid
1169 1749 1285 1811 agere-

233 1846 288 1899 tur
305 1847 338 1899 et
356 1837 435 1920 quid
454 1836 669 1918 intellegeres
687 1835 920 1917 perscriberes.
972 1837 1030 1898 Me
1054 1837 1162 1900 adhuc
1188 1836 1284 1900 Plan-

233 1945 305 2009 cius
330 1945 530 2008 liberalitate
555 1965 615 2008 sua
640 1945 773 2019 retinet,
801 1945 865 2008 iam
892 1945 1092 2027 aliquotiens
1122 1955 1280 2009 conatum

233 2055 281 2116 ire
306 2054 339 2116 in
366 2053 515 2135 Epirum.
566 2053 651 2135 Spes
677 2053 806 2116 homini
830 2062 882 2116 est
912 2053 1043 2143 iniecta,
1069 2073 1137 2116 non
1163 2054 1279 2117 eadem

233 2161 432 2245 quaemihi,
459 2182 559 2243 posse
587 2182 648 2225 nos
680 2182 747 2224 una
774 2163 951 2238 decedere;
988 2182 1086 2244 quarn
1115 2182 1185 2224 rem
1215 2162 1280 2226 sibi

233 2291 356 2353 magno
385 2270 502 2333 honori
530 2280 640 2352 sperat
668 2270 748 2333 fore.
802 2270 868 2334 Sed
898 2270 972 2345 iarn,
999 2291 1074 2333 curn
1100 2271 1282 2334 adventare

233 2379 356 2441 milites
373 2379 535 2453 dicentur,
555 2379 746 2442 iaciendum
774 2379 870 2442 nobis
895 2378 958 2442 erit
984 2387 1021 2442 ut
1045 2379 1088 2442 ab
1112 2399 1153 2441 eo
1176 2379 1280 2442 disce·

232 2489 363 2564 damus;
390 2488 478 2570 quod
496 2509 570 2551 curn
588 2487 760 2562 faciemus,
779 2488 820 2550 ad
845 2497 879 2550 te
905 2487 1020 2550 statim
1038 2487 1221 2562 mittemus
1240 2499 1278 2552 ut

200 2596 318 2660 2scias
336 2595 392 2658 ubi
410 2595 525 2658 simus.
577 2596 742 2660 Lentulus
765 2617 825 2660 suo
851 2597 884 2659 in
908 2617 970 2659 nos
995 2595 1114 2671 officio,
1132 2596 1219 2677 quod
1244 2605 1280 2659 et

232 2723 268 2766 re
285 2712 318 2766 et
335 2704 507 2785 promissis
524 2713 557 2766 ct
581 2704 703 2768 litteris
722 2706 876 2778 declarat,
896 2725 991 2786 spem
1016 2704 1113 2767 nobis
1139 2705 1278 2767 nonnul-

232 2812 298 2874 lam
322 2812 431 2876 adfert
458 2812 593 2894 Pompei
618 2813 815 2889 voluntatis;
849 2833 949 2896 saepe
980 2814 1069 2876 enim
1095 2821 1131 2876 tu
1157 2813 1198 2875 ad
1223 2833 1278 2876 me

233 2920 398 3002 scripsisti
414 2941 491 2983 eum
509 2931 617 2984 totum
636 2942 710 2985 esse
727 2922 761 2985 in
785 2922 872 2985 illius
897 2931 1077 3003 potestate.
1128 2921 1181 2984 De
1207 2921 1279 2984 Me-

265 3068 288 3113 4.
307 3068 373 3103 rnen
394 3055 544 3104 desideria:
576 3057 621 3106 the
647 3057 730 3120 plural
783 3057 940 3106 Macedonia
954 3056 1007 3106 had
1027 3057 1092 3106 been
1111 3054 1231 3118 assigned
1249 3062 1279 3104 to

232 3120 348 3170 includes
360 3121 425 3177 wife,
438 3121 572 3184 daughter,
587 3123 639 3172 and
651 3139 707 3173 son.
782 3124 827 3172 the
839 3124 931 3173 consul
946 3126 974 3172 L.
988 3123 1145 3186 Calpurnius
1164 3122 1224 3170 Piso
1237 3121 1280 3171 ior

267 3187 340 3235 XIV.
359 3187 553 3246 Thessalonica,
563 3190 731 3254 withapost·
784 3203 813 3254 57
839 3203 897 3248 nc,
916 3191 966 3239 and
996 3191 1089 3239 Cicero
1117 3188 1206 3238 leared
1233 3188 1278 3238 the

232 3254 311 3316 script
326 3253 394 3302 from
413 3255 592 3320 Dyrrachium,
608 3258 677 3306 Nov.
692 3270 730 3322 25,
782 3258 887 3320 coming
904 3257 933 3305 of
950 3258 990 3306 his
1007 3256 1124 3306 soldiers.

235 3320 263 3385 58
278 3333 327 3370 sc.
817 3338 838 3371 2.
853 3325 1005 3374 Lentulus:
1018 3321 1118 3372 elected
1129 3330 1157 3370 to
1167 3322 1211 3370 the
1220 3336 1280 3370 con-

268 3402 288 3434 1.
308 3388 387 3438 Piso:
411 3388 443 3437 cf.
464 3390 512 3453 Ep.
535 3389 614 3438 XIII.
636 3405 732 3439 2n.—
782 3391 883 3454 sulship
899 3391 941 3438 for
960 3404 988 3454 57
1003 3403 1052 3438 rac.
1088 3389 1181 3438 Cicero
1197 3388 1279 3437 based

232 3456 397 3505 consuesti:
418 3455 451 3504 ct.
475 3457 537 3505 Intr.
554 3455 732 3506 82.—Plan·
782 3466 854 3519 great
862 3458 945 3520 hopes
956 3473 1026 3520 upon
1036 3456 1088 3505 this
1097 3456 1179 3504 man’s
1186 3454 1280 3503 friend-

232 3522 306 3570 cius:
324 3531 449 3586 quaestor
462 3522 491 3571 of
509 3522 665 3572 Macedonia
680 3523 731 3572 and
782 3523 841 3587 ship
859 3525 901 3572 for
921 3525 973 3572 him
998 3523 1049 3573 and
1072 3523 1199 3572 influence
1217 3520 1278 3570 with

233 3588 348 3636 Cicero's
360 3589 421 3638 host
436 3597 463 3638 at
475 3589 669 3639 Thessalonica.
700 3591 731 3638 in
785 3591 992 3654 Pompey.-de
1012 3589 1144 3638 Metello:
1165 3589 1196 3648 Q.
1215 3588 1279 3637 Cae-

232 3664 319 3703 return
331 3656 373 3704 for
386 3656 425 3704 his
444 3656 569 3705 kindness
586 3657 678 3705 Cicero
690 3656 731 3705 de
782 3657 855 3706 cilius
876 3657 997 3706 Metellus
1019 3659 1110 3720 Nepos
1129 3671 1180 3704 was
1200 3663 1228 3703 to
1246 3654 1278 3704 be

231 3720 328 3769 fended
348 3721 445 3770 himin
466 3735 496 3786 54
511 3734 569 3780 se,
583 3722 608 3770 in
628 3724 672 3772 the
686 3725 730 3771 Or.
783 3723 827 3772 the
851 3725 984 3786 colleague
1009 3723 1038 3772 of
1064 3723 1199 3772 Lentulus.
1235 3722 1278 3770 He

228 3795 278 3848 pro
292 3788 405 3835 Plancio.
437 3788 478 3836 Cf.
495 3789 550 3838 also
569 3791 642 3837 Fam.
659 3804 730 3849 141.
783 3790 842 3847 had,
855 3806 884 3839 as
897 3791 1006 3846 tribune,
1019 3789 1160 3852 prevented
1177 3789 1276 3846 Cicero,

233 3866 255 3918 3.
267 3879 300 3888 -
310 3853 426 3914 milites,
439 3862 499 3903 etc:
512 3855 556 3903 the
569 3855 692 3918 province
704 3855 733 3903 ol
783 3865 810 3906 at
820 3857 864 3905 the
870 3858 942 3907 close
950 3856 978 3906 of
985 3856 1025 3906 his
1033 3853 1184 3920 consulship
1193 3854 1273 3918 (Fam.
