2834 4326
142 298 213 344 Fam.
229 310 265 356 14.
280 295 314 361 2.]
482 297 650 346 CICERO'S
676 298 849 348 LETTERS.
1155 295 1189 350 5⁷

141 463 241 545 idque
257 463 329 526 fieri
346 483 421 527 mea
440 464 546 546 culpa,
565 464 623 546 qui
647 473 778 529 ceteros
804 466 932 530 servavi
957 475 994 529 ut
1018 486 1080 530 nos
1105 466 1188 548 peri-

141 574 267 635 remus!
317 573 417 655 Quod
442 574 483 635 de
507 573 606 637 domo
632 573 761 649 scribis,
781 574 843 638 hoc
868 584 920 638 est
945 576 987 638 de
1011 595 1096 651 area,
1123 596 1186 658 ego
1206 595 1220 646 3

140 701 219 744 vero
235 690 307 744 tum
324 681 469 765 denique
490 681 571 744 mihi
587 682 726 746 videbor
750 683 937 758 restitutus,
957 684 986 747 si
1010 684 1066 747 illa
1089 685 1186 748 nobis

141 789 203 852 erit
221 789 387 854 restituta.
436 790 563 853 Verum
580 791 662 855 haec
683 811 749 854 non
772 801 851 854 sunt
875 792 910 855 in
935 802 1050 856 nostra
1073 813 1183 857 manu.

142 898 228 961 Illud
246 898 353 973 doleo,
370 918 455 982 quae
472 899 624 980 impensa
640 899 837 975 faciendast,
857 900 980 964 ineius
1005 911 1133 983 partem
1151 911 1186 965 te

141 1007 297 1070 miseram
330 1015 364 1069 et
392 1007 612 1088 despoliatam
640 1008 765 1072 venire.
827 1009 926 1091 Quod
956 1009 982 1072 si
1011 1010 1186 1073 conficitur

142 1114 323 1197 negotium,
342 1115 455 1178 omnia
471 1135 730 1199 consequemur;
755 1116 807 1179 sin
824 1117 940 1180 eadem
965 1137 1026 1180 nos
1049 1117 1187 1181 fortuna

141 1231 280 1305 premet,
299 1223 445 1286 etiamne
463 1223 618 1305 reliquias
636 1233 712 1287 tuas
729 1224 850 1288 misera
866 1225 1032 1306 proicies?
1081 1225 1186 1290 Obse-

141 1352 197 1396 cro
222 1340 266 1406 te‚
285 1351 360 1394 mea
383 1331 461 1406 vita,
480 1333 569 1415 quod
593 1333 634 1395 ad
660 1341 830 1414 sumptum
855 1333 986 1409 attinet,
1006 1334 1079 1397 sine
1102 1334 1185 1398 alios

140 1440 197 1523 qui
220 1450 371 1521 possunt,
391 1440 419 1502 si
444 1441 542 1504 modo
567 1441 693 1516 volunt,
713 1442 889 1517 sustinere,
909 1451 942 1504 et
959 1442 1185 1506 valetudinem

141 1547 240 1612 istam
267 1549 440 1623 infirmam,
468 1549 496 1612 si
522 1570 575 1611 me
603 1570 712 1623 amas,
735 1550 803 1612 noli
831 1571 966 1627 vexare3
998 1571 1074 1614 nam
1104 1551 1186 1614 mihi

141 1665 219 1720 ante
244 1657 358 1720 oculos
382 1653 663 1741 dies'noctesque
679 1657 837 1735 versaris3
862 1659 971 1721 omnis
996 1659 1126 1722 labores
1151 1670 1185 1723 te

141 1765 294 1847 excipere
317 1765 430 1841 video;
457 1765 560 1828 timeo
586 1775 622 1829 ut
651 1766 827 1830 sustineas.
879 1767 946 1830 Sed
970 1767 1067 1831 video
1092 1768 1126 1830 in
1151 1777 1185 1832 te

141 1894 217 1937 esse
240 1875 361 1938 omnia.
412 1873 534 1957 Quare,
562 1884 598 1937 ut
624 1874 656 1938 id
689 1876 777 1957 quod
803 1896 917 1957 speras
943 1885 976 1938 et
1001 1877 1089 1958 quod
1113 1877 1184 1959 agis

142 2003 394 2066 consequamur,
413 1983 501 2046 servi
525 1983 718 2048 valetudini.
771 1985 844 2066 Ego
869 1984 910 2046 ad
934 2005 1018 2066 quos
1043 1985 1184 2048 scribam
1204 2014 1219 2058 4

44 2182 48 2188 .
142 2141 444 2199 tercession.—iacere‚
457 2148 517 2190 eta:
538 2141 570 2188 cf.
590 2141 638 2204 Ep.

144 2209 206 2257 XII.
219 2210 322 2272 3eadem
333 2210 362 2256 in
370 2210 422 2256 loca
434 2209 506 2263 iaceo,
514 2215 563 2256 etc.
581 2207 639 2256 The

141 2275 281 2324 infinitives
289 2275 395 2333 vexari,
403 2282 507 2331 etc.,are
515 2275 640 2323 exclama·

142 2343 305 2407 tory.—qui
318 2350 440 2400 ceteros,
449 2349 508 2389 eto:
527 2341 571 2389 the
584 2357 640 2389 exe·

141 2409 229 2458 cution
242 2408 271 2457 of
288 2409 413 2457 Lentulus
426 2407 477 2455 and
492 2407 533 2456 his
544 2407 640 2456 fellow-

141 2475 323 2538 conspirators,
337 2475 370 2540 by
383 2474 465 2524 which
479 2474 571 2523 Cicero
587 2474 639 2522 had

141 2541 220 2591 saved
241 2543 342 2590 Roman
362 2541 467 2590 citizens
486 2540 554 2589 from
573 2556 639 2589 mur-

141 2609 187 2658 der
203 2608 254 2656 and
266 2624 352 2665 arson,
363 2624 414 2657 was
427 2608 471 2657 the
483 2607 639 2672 pretextfor

142 2676 183 2725 his
194 2675 368 2724 banishment.

176 2757 197 2806 3.
221 2744 257 2791 de
281 2743 381 2790 domo:
411 2741 443 2790 cf.
470 2742 533 2790 Intr.
560 2741 639 2790 16.-

141 2809 209 2859 illud
219 2809 311 2868 doleo,
322 2817 382 2857 etc:
401 2824 416 2856 a
428 2823 548 2857 common
562 2809 638 2857 Latin

141 2876 233 2934 idi0m;
257 2876 290 2924 ci.
309 2878 361 2924 Att.
381 2889 402 2922 2.
423 2889 485 2935 241
505 2891 569 2938 quas
583 2877 638 2923 Nu·

77 2987 80 2993 .
141 2944 228 2990 mertia
241 2944 338 2990 litteras
349 2944 414 2998 dedi,
427 2945 462 2990 sic
478 2949 502 2990 te
514 2944 546 2991 iis
557 2958 638 2990 evoca·

140 3005 205 3057 bamss
220 3038 253 3046 -
268 3010 435 3073 negotium:
460 3011 498 3056 tle.
523 3009 637 3058 Cicero's

140 3077 225 3124 recall.
250 3078 384 3139 Negotium
396 3075 456 3123 with
470 3076 514 3124 tlie
526 3075 597 3124 force
609 3074 639 3123 oi

140 3159 181 3190 res
188 3143 209 3192 is
219 3143 366 3206 colloquial,
375 3141 427 3190 and
438 3142 560 3206 frequent
569 3142 595 3189 in
603 3142 637 3189 all

139 3210 252 3273 periods.
287 3209 329 3258 cf.
342 3209 387 3258 the
395 3210 469 3272 slang
478 3209 637 3272 expression,

140 3277 214 3324 ‘Tell
234 3291 275 3324 me
296 3276 340 3324 the
359 3276 442 3324 whole
461 3275 638 3324 business.’-·

140 3356 206 3392 mea
218 3343 288 3391 vita:
306 3343 338 3392 cf.
352 3350 414 3391 note
432 3358 502 3405 upon
515 3359 570 3390 mea
588 3343 637 3390 lux

140 3409 276 3458 above.—
288 3410 350 3458 sine
375 3409 448 3458 alios
468 3444 474 3457 .
548 3409 638 3458 susti-

139 3491 219 3524 nere:
244 3477 366 3524 Terentia
389 3475 520 3539 proposed
542 3486 569 3523 to
590 3475 637 3523 sell

139 3543 186 3591 her
198 3558 257 3591 own
269 3551 392 3608 property
402 3543 429 3590 in
442 3541 518 3590 ordei
530 3550 558 3589 to
571 3543 637 3591 raise

140 3625 235 3674 money
246 3609 287 3658 ior
299 3610 343 3658 the
356 3624 483 3671 expenses
500 3609 637 3657 attendant

140 3692 211 3739 upon
224 3675 271 3724 her
282 3675 425 3725 husband’s
434 3676 519 3724 recall.
544 3675 637 3724 Cicero

139 3758 253 3806 opposes
271 3743 326 3802 ‚this
349 3743 410 3806 plan
434 3743 486 3791 still
510 3757 582 3790 more
600 3757 638 3790 ur-

138 3810 228 3875 gently
239 3810 264 3858 in
276 3811 348 3858 Fam.
361 3823 398 3870 14.
411 3823 430 3857 1.
443 3822 456 3874 5
468 3811 538 3872 quad
545 3810 582 3856 ad
591 3825 635 3858 me.

691 2158 745 2190 mea
765 2142 887 2198 Terentia,
900 2142 988 2190 scribta
1000 2149 1021 2190 te
1034 2143 1117 2192 aarum
1130 2159 1184 2190 aen-

690 2210 812 2265 dituram,
825 2210 894 2271 quid,
908 2209 1002 2257 obsecra
1013 2216 1041 2266 te,
1048 2236 1081 2244 -
1090 2225 1129 2257 me
1140 2213 1186 2257 mi-

690 2291 774 2322 serum
784 2274 795 2322 l
801 2302 834 2310 -
842 2277 909 2339 quid
909 2276 1035 2338 futurum
1048 2277 1104 2324 cst?
1120 2285 1150 2332 et,
1164 2278 1187 2324 si

691 2358 736 2390 nas
758 2349 860 2403 premet
879 2343 963 2389 eadem
980 2343 1100 2406 fortuna,
1123 2346 1189 2406 quid

693 2416 777 2470 puero
793 2410 884 2456 misera
899 2409 968 2470 fiet?
1002 2408 1042 2456 ef.
1061 2409 1117 2457 also
1138 2411 1184 2472 Ep.

687 2475 739 2537 xl.
759 2475 857 2539 3.—si
882 2489 928 2523 me
952 2489 1045 2524 amas:
1071 2475 1122 2524 this
1146 2492 1186 2524 ex-

690 2543 807 2604 pression
826 2541 877 2590 and
894 2542 983 2590 amabo
997 2549 1026 2599 te,
1038 2544 1073 2589 sis
1086 2541 1121 2605 (si
1135 2545 1183 2605 vis)

690 2607 741 2656 and
753 2609 821 2657 sadcs
832 2608 866 2672 (si
872 2610 959 2668 audes)
971 2624 1014 2656 are
1026 2617 1065 2657 set
1077 2609 1186 2672 phrases

690 2675 715 2723 in
750 2675 890 2738 colloquial
926 2675 1001 2723 Latin
1031 2675 1113 2723 which
1142 2692 1185 2724 are

690 2741 779 2805 joined
798 2750 825 2790 to
839 2742 924 2790 words
942 2742 971 2790 oi
987 2742 1127 2790 command
1144 2743 1186 2791 ior

691 2809 735 2856 the
747 2809 810 2857 sake
823 2808 852 2856 oi
863 2809 1007 2871 politaness
1018 2809 1070 2857 and
1082 2809 1186 2872 empha-

690 2875 734 2931 sis,
743 2891 786 2937 αξ.
799 2877 831 2923 da
843 2876 911 2923 mihi
927 2875 978 2931 hac,
991 2876 1043 2923 mel
1058 2891 1151 2934 ancum,
1163 2878 1187 2924 si

689 2957 729 2990 me
737 2943 939 3000 amas,siaudes,
950 2943 1032 2990 Plaut.
1045 2944 1069 2990 T
1065 2944 1115 2990 rin.
1126 2957 1184 3002 244;

688 3009 777 3056 amabo
788 3016 817 3064 te,
829 3011 855 3056 si
867 3010 932 3072 quid
947 3009 1015 3072 quad
1029 3017 1090 3070 apus
1100 3011 1188 3073 fuerit

689 3076 772 3137 Appia
787 3076 876 3139 facies,
884 3077 974 3138 penita
991 3092 1029 3124 me
1046 3078 1075 3123 in
1089 3078 1184 3140 gratia,

688 3143 761 3190 Fam.
774 3142 797 3191 8.
811 3141 833 3191 6.
855 3155 876 3206 5.
912 3142 953 3189 Ci.
972 3143 1028 3190 also
1047 3142 1109 3191 lntr.
1131 3157 1184 3200 100,

689 3208 740 3256 and
758 3209 837 3257 Arch.
854 3209 880 3272 f.
904 3211 948 3257 lat.
970 3209 1033 3257 Lexss
1053 3209 1100 3257 IX.
1120 3209 1186 3274 485-

689 3288 791 3337 491.—
807 3275 877 3324 mihi
908 3283 973 3323 ante
998 3276 1098 3325 oculos
1122 3276 1184 3325 dies

688 3350 846 3405 noctesque
859 3343 996 3390 versaris:
1014 3357 1030 3389 a
1046 3343 1184 3406 colloquial

687 3409 821 3470 pleonasm
849 3409 929 3456 which
957 3423 1048 3458 occurs
1074 3410 1129 3458 also
1158 3409 1184 3457 in

687 3476 760 3523 Fam.
777 3489 812 3535 14.
827 3489 848 3538 3.
864 3489 884 3531 2,
897 3475 948 3523 and
965 3475 1051 3523 would
1067 3486 1113 3523 nor
1131 3491 1186 3538 per-

688 3541 754 3604 haps
767 3542 833 3590 have
846 3541 911 3590 been
925 3541 1070 3606 employed,
1079 3542 1130 3590 had
1141 3543 1185 3591 the

688 3609 772 3656 writer
784 3608 849 3656 been
864 3609 890 3655 in
909 3624 925 3656 a
942 3609 1038 3656 calmer
1055 3609 1138 3658 irame
1157 3609 1186 3657 ol

688 3675 766 3723 mind.
798 3675 847 3723 See
859 3684 922 3723 note
935 3682 962 3723 to
975 3677 1029 3722 nisi
1037 3678 1067 3733 si,
1083 3691 1103 3723 1.
1134 3676 1184 3734 ct,

688 3741 815 3798 however,
834 3742 902 3790 ma'lai
920 3743 968 3789 sali
989 3750 1108 3790 versatur
1126 3751 1186 3792 ante

687 3809 775 3866 oculas,
788 3809 858 3856 Lael.
874 3822 927 3856 102.
