2814 4330
150 302 222 349 Fam.
238 298 325 365 154]
487 296 655 347 crcnno’s
680 295 854 346 narrans.
1151 295 1200 350 lar
1224 309 1226 312 ·

146 468 323 531 Amanum
352 476 386 529 et
415 474 615 548 perpetuum
640 463 772 527 hostem
798 483 838 527 ex
862 484 902 528 eo
928 473 1042 528 monte
1070 464 1197 542 tollere,

145 597 251 658 agere
283 574 422 657 perrexi.
480 573 633 655 Cumque
661 593 715 636 me
743 573 917 636 discedere
945 574 987 636 ab
1015 594 1055 636 eo
1084 584 1198 639 monte

147 684 362 748 simulassem
384 692 417 745 et
443 682 523 744 alias
548 681 652 762 partis
677 679 815 744 Ciliciae
834 690 959 762 petere,
978 682 1197 766 abessemque

147 793 192 856 ab
210 793 346 855 Amano
366 791 431 853 iter
452 789 552 852 unius
574 789 640 852 diei
663 797 696 851 et
719 797 830 852 castra
853 789 941 870 apud
967 790 1196 872 Epiphaneam

146 901 319 975 fecissem,
337 920 365 963 a.
384 900 415 963 d.
434 917 486 961 1111
506 898 554 960 ld.
574 897 662 972 Oct.,
682 917 758 960 cum
782 897 1085 979 advesperasceret,
1103 919 1198 981 expe-

147 1011 221 1072 dito
246 1008 394 1072 exercitu
420 1008 467 1070 ita
491 1015 593 1069 noctu
619 1005 683 1068 iter
707 1005 773 1069 ieci
798 1016 834 1069 ut
859 1008 940 1070 ad.
968 1024 1006 1069 111
1032 1008 1080 1072 Id.
1108 1008 1196 1083 Oct.,

148 1139 226 1181 curn
244 1117 432 1190 lucisceret,
450 1115 484 1177 in
501 1115 675 1177 Amanum
697 1116 923 1190 ascenderem,
943 1115 1199 1199 distributisque

148 1225 346 1290 cohortibus
363 1235 397 1287 et
417 1223 558 1298 auxiliis,
578 1243 656 1286 cum
680 1222 754 1285 aliis
780 1222 930 1305 Quintus
947 1223 1051 1289 irater
1066 1224 1198 1307 legatus

150 1348 283 1391 mecum
308 1326 417 1400 simul,
441 1324 515 1388 aliis
542 1324 579 1388 C.
602 1324 800 1407 Pomptinus
824 1324 967 1406 legatus,
991 1326 1128 1410 reliquis
1150 1327 1196 1391 M.

149 1436 308 1498 Anneius
341 1444 373 1497 et
409 1435 447 1498 L.
481 1433 612 1497 Tullius
645 1433 747 1515 legati
779 1443 986 1514 praeessent,
1020 1434 1198 1517 plerosque

149 1543 384 1624 necopinantis
421 1542 659 1624 oppressimus,
693 1541 750 1624 qui
782 1541 886 1605 occisi
918 1542 1074 1626 captique
1107 1553 1196 1619 sunt,

81 1629 129 1673 '¹'
149 1651 324 1716 interclusi
356 1651 445 1734 fuga.
506 1651 651 1714 Eranam
680 1660 802 1725 autem,
832 1670 917 1733 quae
944 1650 1009 1714 iuit
1038 1672 1106 1715 non
1134 1652 1200 1716 vici

150 1762 267 1835 instar,
298 1761 358 1823 sed
390 1760 492 1835 urbiS,
527 1760 615 1840 quod
648 1768 718 1822 erat
748 1759 874 1822 Amani
905 1769 1016 1841 caput,
1050 1760 1197 1843 itemque

150 1869 315 1953 Sepyram
341 1878 374 1932 et
401 1868 616 1942 Commorim,
642 1867 764 1931 acriter
787 1877 820 1931 et
846 1867 903 1930 diu
931 1869 1197 1951 repugnantibus

151 1978 331 2060 Pomptino
355 1978 444 2041 illam
469 1986 597 2059 partem
624 1976 749 2040 Amani
773 1976 914 2051 tenenti,
933 1997 974 2039 ex
997 1977 1197 2042 antelucano

148 2097 303 2168 ternpore
333 2106 438 2169 usque
462 2087 504 2149 ad
533 2085 648 2148 horam
677 2085 742 2147 diei
771 2103 802 2159 x,
830 2105 951 2167 magna
982 2085 1197 2150 multitudine

144 2195 299 2259 ¹hostium
317 2195 429 2259 occisa
450 2194 610 2276 cepimus,
629 2193 832 2275 castellaque
852 2193 885 2256 vi
907 2203 1005 2275 capta
1027 2195 1198 2277 complura

148 2304 372 2368 incendimus.
401 2303 488 2390 ,His
511 2303 611 2366 rebus
634 2303 682 2365 ita
705 2302 811 2384 gestis
836 2311 946 2365 castra
970 2302 1004 2365 in
1029 2303 1231 2379 radicibus9

149 2413 278 2476 Amani
300 2412 476 2475 habuimus
501 2413 588 2493 apud
606 2411 694 2474 Aras
712 2410 895 2474 Alexandri
912 2411 1143 2494 quadriduum,
1162 2423 1195 2476 et

150 2522 185 2584 in
211 2521 360 2605 reliquiis
387 2520 513 2602 Amani
541 2519 692 2582 delendis
721 2518 877 2601 agrisque
904 2520 1085 2596 vastandis,
1112 2541 1196 2603 quae

148 2651 227 2713 pars
245 2630 316 2694 eius
333 2629 457 2692 montis
475 2648 569 2691 meae
587 2627 778 2710 provinciae
801 2638 863 2702 est,
883 2627 915 2690 id
937 2636 1071 2710 tempus
1096 2649 1196 2692 omne

149 2738 431 2820 consumpsimus.
483 2735 657 2800 Confectis
678 2736 729 2798 his
747 2737 846 2799 rebus
864 2737 904 2798 ad
922 2737 1080 2817 oppidum
1099 2738 1196 2801 Eleu·
1217 2765 1244 2799 ιο

148 2847 382 2910 therocilicum
402 2845 634 2908 Pindenissum
656 2845 837 2908 exercitum
859 2844 989 2919 adduxi,
1009 2847 1096 2926 quod
1119 2867 1194 2909 cum

149 2966 240 3019 esset
254 2955 418 3019 altissimo
432 2964 465 3017 et
479 2947 705 3018 munitissimo
719 2953 801 3027 loco,
816 2953 857 3015 ab
872 2953 977 3035 iisque
995 2953 1197 3017 incoleretur

148 3064 205 3148 qui
235 3084 278 3127 ne
307 3063 443 3146 regibus
476 3063 611 3146 quidem
640 3081 798 3143 umquam
826 3061 1025 3142 paruissent,
1056 3083 1132 3126 cum
1161 3073 1194 3126 et

147 3171 311 3255 fugitivos
335 3171 523 3253 reciperent
549 3179 582 3234 et
607 3169 804 3233 Parthorum
829 3170 1009 3232 adventum
1035 3171 1200 3242 acerrime,

148 3289 393 3363 exspectarent,
412 3280 454 3343 ad
478 3279 760 3342 existimationem
784 3278 900 3359 imperi
921 3278 1090 3360 pertinere
1112 3280 1195 3344 arbi-

181 3421 204 3470 8.
218 3423 294 3486 apud
309 3422 522 3485 Epiphaneam:
535 3419 567 3468 cf.
576 3420 650 3482 apud
698 3419 785 3468 Baiter
796 3419 847 3468 and
861 3419 1023 3482 Wesenberg
1034 3420 1120 3469 would
1133 3421 1195 3470 read

147 3491 274 3546 Iconium,
288 3503 301 3536 2
315 3505 382 3536 n.-
395 3489 519 3551 Quintus
536 3522 542 3536 .
559 3522 565 3536 .
582 3522 589 3535 .
604 3487 647 3535 le·
697 3494 865 3550 repugnantes
878 3503 908 3534 or
920 3487 999 3534 insert
1011 3488 1127 3536 hostibus.

148 3556 220 3620 gaii:
239 3556 338 3621 usually
347 3555 419 3604 there
430 3571 481 3603 was
491 3569 540 3602 one
550 3556 647 3617 legatus
731 3567 753 3616 9.
774 3554 848 3602 Aras
862 3554 1036 3602 Alexandri:
1059 3555 1103 3603 the
1120 3555 1195 3618 place

147 3633 176 3672 to
195 3638 210 3670 a
227 3622 322 3685 legion,
338 3621 384 3670 but
403 3622 496 3670 Cicero
514 3620 566 3669 had
586 3620 647 3668 four
698 3619 763 3668 took
787 3619 820 3668 its
846 3635 923 3668 name
951 3621 1019 3668 from
1049 3621 1093 3670 the
1121 3622 1194 3688 three

146 3689 190 3737 ior
201 3688 243 3738 his
257 3696 308 3737 two
322 3689 646 3752 legions—repugnan-
697 3686 777 3735 altars
795 3686 877 3735 which
898 3687 1048 3736 Alexander
1065 3687 1118 3736 had
1136 3703 1194 3736 con·

146 3756 237 3806 tibus:
260 3773 292 3803 sc.
314 3756 352 3804 iis.
393 3755 451 3803 The
472 3755 597 3803 omission
618 3752 647 3801 of
697 3752 815 3801 secrated
831 3760 858 3801 to
874 3753 981 3816 Jupiter,
995 3753 1130 3812 Hercules,
1143 3754 1194 3804 and

146 3823 193 3871 the
210 3821 313 3886 subject
327 3822 392 3872 isso
410 3820 571 3870 remarkable
589 3820 646 3869 that
699 3821 826 3879 Minerva;
845 3819 878 3868 cf.
892 3820 925 3883 Q.
937 3820 1010 3868 Curt.
1019 3833 1043 3886 3.
1053 3833 1094 3888 33.
