2780 4332
148 286 224 337 Fam.
239 298 278 335 11.
292 282 344 350 27.]
493 281 661 332 CICERO'S
687 282 860 332 LETTERS.
1150 282 1199 335 265

150 473 204 518 sar
236 460 329 515 esset
358 450 392 513 in
422 449 555 525 Gallia;
585 451 673 532 quod
697 449 787 512 enim
812 460 986 513 vementer
1010 449 1092 513 mihi
1116 449 1198 514 utile

149 581 225 625 esse
246 560 389 642 putabas
410 578 472 623 nec
497 559 615 624 inutile
639 558 702 640 ipsi
725 558 870 633 Caesari,
891 557 1063 641 perfecisti
1086 569 1123 622 ut
1144 559 1199 623 ille

150 690 204 733 me
221 668 387 750 diligeret,
407 667 540 743 coleret,
560 667 698 731 haberet
715 666 749 729 in
770 666 850 731 suis.
900 666 1010 730 Multa
1026 676 1198 749 praetereo

149 799 236 861 quae
265 767 473 858 temporibus
502 776 566 840 illis
595 776 684 838 inter
712 794 774 838 nos
805 773 1064 839 familiarissime
1096 775 1195 852 dicta,

149 888 287 968 scripta,
317 884 564 949 communicata
591 893 690 959 sunt;
716 882 868 966 graviora
898 883 988 956 enim
1016 895 1198 948 consecuta

150 1005 242 1058 sunt.
295 995 338 1057 Et
368 992 465 1056 initio
497 993 575 1058 belli
601 992 707 1057 civilis
739 1012 815 1056 cum
842 992 1055 1056 Brundisium
1080 1013 1229 1064 versus3

149 1105 216 1166 ires
253 1103 295 1166 ad
332 1101 520 1177 Caesarem,
554 1100 676 1164 venisti
717 1101 758 1163 ad
799 1120 852 1163 me
893 1101 925 1162 in
970 1100 1194 1166 Formianum.

150 1213 299 1274 Primum
318 1211 381 1274 hoc
399 1210 506 1291 ipsum
524 1210 650 1294 quanti,
669 1209 864 1293 praesertim
885 1209 1090 1290 temporibus
1108 1209 1194 1274 illis!

149 1322 285 1384 Deinde
301 1319 441 1382 oblitum
465 1338 519 1382 me
541 1329 639 1400 putas
656 1317 774 1381 consili
792 1318 955 1381 sermonis
977 1318 1196 1382 humanitatis

148 1429 252 1492 tuae?
317 1426 452 1510 Quibus·
484 1428 582 1490 rebus
616 1427 780 1488 interesse
815 1426 952 1489 memini
989 1427 1193 1491 Trebatium.

151 1538 223 1600 Nec
249 1557 329 1599 vero
353 1557 425 1598 sum
452 1536 577 1599 oblitus
602 1535 787 1598 litterarum
813 1544 944 1598 tuarum
969 1555 1051 1618 quas
1076 1537 1117 1599 ad
1143 1557 1196 1599 me

148 1645 282 1718 misisti,
323 1664 398 1708 cum
435 1644 570 1707 Caesari
609 1644 738 1706 obviam
779 1643 929 1706 venisses
960 1644 995 1707 in
1033 1665 1125 1727 agro,
1159 1655 1194 1708 ut

149 1755 303 1826 arbitror,
330 1753 533 1822 Trebulano,
582 1751 743 1816 Secutum
770 1752 851 1814 illud
884 1762 1017 1834 tempus
1042 1762 1093 1816 est
1119 1775 1226 1827 cumr

148 1883 202 1926 me
221 1863 263 1926 ad
282 1860 474 1943 Pompeium
492 1861 657 1942 proficisci
675 1860 745 1923 sive
762 1861 867 1941 pudor
885 1881 979 1924 meus
998 1861 1108 1944 coegit
1126 1862 1195 1925 sive

148 1974 296 2039 officium
313 1973 382 2037 sive
400 1972 544 2036 fortuna.
596 1971 694 2055 Quod
721 1971 866 2057 officium
892 1981 996 2048 tuum,
1015 1973 1103 2055 quod
1128 1984 1195 2038 stu·

147 2085 241 2148 dium
258 2082 311 2146 vel
329 2082 363 2145 in
380 2082 554 2145 absentem
572 2100 625 2144 me
637 2080 689 2144 vel
706 2081 738 2143 in
757 2081 945 2162 praesentis
962 2101 1054 2145 meos
1071 2083 1193 2146 deluit?

149 2193 263 2276 Quem
288 2210 386 2275 porro
410 2209 526 2254 omnes
550 2189 617 2252 mei
637 2199 670 2253 et
694 2189 776 2252 mihi
798 2199 832 2253 et
858 2190 922 2253 sibi
947 2199 981 2253 te
1004 2191 1193 2255 amiciorem

148 2299 406 2364 iudicaverunt?
453 2298 543 2362 Veni
564 2298 795 2362 Brundisium:
814 2298 1000 2362 oblitumne
1022 2319 1075 2362 me
1094 2310 1193 2382 putas

148 2430 216 2493 qua
247 2407 428 2482 celeritate,
456 2416 492 2471 ut
525 2406 667 2489 primum
700 2407 853 2482 audieris,
887 2408 929 2470 ad
961 2427 1014 2471 me
1046 2409 1193 2472 Tarento

148 2516 322 2591 advolaris,
349 2536 435 2600 quae
458 2525 517 2580 tua
540 2515 641 2581 luerit
666 2516 814 2579 adsessio
847 2516 951 2578 oratio
985 2517 1193 2581 confirmatio

182 2674 205 2724 3.
226 2658 414 2709 Brundisium
432 2671 549 2707 versus:
567 2657 649 2707 chad
697 2657 786 2720 family
797 2657 822 2704 in
842 2658 932 2705 Rome.
944 2658 1049 2706 -veni
1069 2659 1193 2708 Brundi·

148 2728 225 2788 Alpis
236 2742 332 2781 versus,
347 2726 393 2788 Ep.
412 2725 499 2773 XLVl
505 2725 540 2772 ΙΙ.
554 2738 566 2772 2
580 2740 647 2772 n.—
698 2725 788 2774 sium:
801 2723 869 2772 alter
880 2724 924 2772 the
940 2723 1021 2772 battle
1039 2725 1068 2772 of
1089 2725 1193 2775 Pharsa-

147 2792 359 2842 venisti...in
381 2791 589 2841 Formianum:
613 2808 646 2839 sc.
696 2791 744 2838 lus.
781 2790 822 2838 Cf.
849 2791 910 2838 lntr.
933 2805 971 2852 3²·
1008 2791 1065 2839 The
1083 2791 1193 2858 friendly

149 2862 213 2909 Mar.
230 2873 268 2923 19,
280 2871 386 2921 4913.c.;
404 2858 437 2908 cf.
456 2860 509 2906 Art.
527 2871 551 2921 9.
572 2871 608 2906 tr.
623 2872 644 2905 2.
696 2857 783 2905 offices
810 2857 839 2904 ol
861 2859 905 2905 the
929 2858 1069 2906 Caesarian
1095 2859 1192 2908 Matius

148 2929 248 2976 Caesar
277 2925 381 2974 himself
409 2924 514 2974 entered
543 2925 645 2973 Brundi·
697 2926 722 2972 in
735 2925 784 2972 this
794 2932 911 2972 moment
921 2924 949 2972 oi
959 2925 1132 2987 helplessness
1141 2926 1192 2974 and

146 2995 216 3043 sium
236 2995 300 3042 Mar.
322 2992 528 3041 18.-eonsili:
548 2992 645 3040 Matius

146 3061 277 3126 earnestly
289 3059 390 3110 desired
407 3075 487 3122 peace
506 3058 557 3107 and
575 3059 646 3107 with·

146 3137 194 3176 out
218 3127 301 3175 doubt
324 3125 486 3190 encouraged
507 3126 599 3174 Cicero
618 3126 643 3173 in

146 3195 187 3244 his
200 3194 292 3242 efforts
305 3203 331 3242 at
344 3193 485 3242 mediation
497 3209 503 3251 ;
516 3193 548 3240 cf.
559 3195 610 3240 Ate.
621 3207 644 3254 9.

148 3275 186 3310 11.
196 3276 220 3309 2.
227 3261 424 3310 -Trebulano
434 3277 440 3307 :
453 3261 478 3308 in
487 3259 644 3322 Campania;

145 3329 193 3378 but
207 3328 322 3376 Cicero’s
335 3341 451 3392 memory
460 3327 481 3376 is
494 3342 554 3391 very
566 3327 644 3388 likely

145 3404 173 3444 at
195 3395 271 3450 fault,
291 3409 320 3443 as
345 3395 378 3443 he
401 3393 527 3457 probably
547 3394 595 3442 has
618 3393 643 3440 in

146 3461 219 3510 mind
237 3462 282 3509 the
304 3475 437 3522 messages
457 3460 538 3508 which
559 3460 591 3509 he
610 3476 645 3508 re·

145 3528 236 3578 ceived
248 3527 316 3576 from
334 3527 431 3576 Matius
448 3527 517 3575 from
538 3527 644 3574 Mintur-

145 3611 196 3644 nae
207 3611 241 3643 on
258 3597 321 3643 Mar.
337 3608 384 3650 20;
398 3593 429 3643 cf.
444 3595 495 3641 Art.
509 3608 531 3656 9.
548 3607 584 3640 η.
601 3607 620 3640 1.

146 3662 424 3792 attrahat&
438 3659 643 3790 tenalliis&

146 3795 228 3846 LXV.
238 3794 463 3858 6.-praesentis
484 3807 581 3842 meos:
602 3793 643 3842 his

696 2991 836 3039 loueliuess
869 2991 953 3039 would
988 2991 1020 3040 be
1055 2993 1193 3058 especially

696 3058 790 3120 prized.
799 3058 973 3115 -adsessio,
982 3067 1042 3106 etc:
1054 3059 1099 3108 the
1108 3059 1191 3123 rapid-

696 3125 732 3188 ity
750 3125 781 3172 of
803 3133 950 3172 movement
973 3125 1054 3173 which
1075 3126 1193 3176 substan·

697 3195 761 3238 titos
775 3193 798 3238 in
813 3195 844 3238 -r'o
862 3192 921 3239 leod
942 3201 968 3238 to
983 3207 999 3239 a
1017 3193 1147 3247 narrative
1169 3194 1191 3242 is

696 3275 710 3306 n
724 3262 816 3307 uthere
830 3259 912 3306 better
926 3259 1071 3308 illustrated
1085 3261 1147 3308 than
1164 3260 1191 3308 in

696 3327 747 3372 this
772 3325 939 3387 pass.1ge(ci.
960 3326 1021 3373 lntr.
1040 3331 1091 3390 75).
1127 3327 1192 3376 This

696 3393 805 3456 raphlity
826 3393 854 3440 ol
878 3400 1027 3441 movement
1047 3392 1069 3444 is
1091 3393 1194 3442 further

695 3459 836 3520 hightened
875 3459 910 3523 by
945 3459 988 3507 the
1031 3459 1192 3524 asyndetical

695 3533 875 3588 arrangement
892 3525 920 3573 of
938 3540 1015 3590 many
1028 3525 1057 3574 of
1075 3526 1119 3575 the
1136 3541 1192 3576 sen-

695 3600 783 3641 tences
801 3591 851 3640 and
869 3592 902 3656 by
916 3592 959 3640 the
973 3607 1018 3640 use
1031 3592 1060 3640 of
1076 3602 1192 3656 paratae-

694 3659 754 3707 tical
774 3659 856 3708 forms
872 3659 901 3706 of
916 3659 1083 3721 expression;
1101 3659 1149 3716 ior,
1163 3676 1192 3710 as

695 3725 830 3774 Andresen
844 3726 967 3781 remarks,
980 3726 1005 3773 in
1022 3726 1095 3774 three
1107 3726 1192 3776 differ·

694 3800 739 3842 ent
756 3793 886 3842 instances
902 3793 928 3840 in
941 3808 956 3852 4
969 3793 1021 3842 and
1037 3806 1050 3859 5
1062 3794 1191 3860 temporat
