2814 4328
150 291 222 340 Fam.
236 303 259 352 9.
272 287 309 353 8.]
501 287 668 340 CICERO'S
693 287 866 337 LETTERS.
1153 285 1203 338 23⁷

150 457 241 542 quod
259 457 294 521 in
312 478 351 521 ea
367 457 437 520 vita
459 477 622 533 maneam,
641 455 676 520 in
693 477 758 540 qua
782 447 865 519 nihil
890 455 971 519 insit
996 455 1061 518 nisi
1085 476 1201 538 propa-

149 567 244 650 gatio
261 565 443 629 miserrimi
459 565 630 647 temporis.
674 564 742 628 Hic
754 573 792 626 tu
806 584 859 627 me
872 564 991 628 abesse
1007 565 1090 627 urbe
1106 564 1201 627 mira-
1218 585 1234 633 4

148 674 205 750 ris,
224 673 261 737 in
284 694 349 757 qua
374 673 493 736 domus
518 671 601 735 nihil
628 671 796 736 delectare
820 671 938 754 possit,
963 692 1131 736 summurn
1156 672 1200 736 sit

149 783 266 846 odium
298 791 488 864 temporum
521 765 694 844 hominum
723 780 788 843 tori
816 781 950 845 curiae?
1009 780 1127 864 Itaque
1152 781 1200 846 sic

148 891 275 954 litteris
296 900 381 965 utor,
401 889 574 972 inquibus
599 909 760 952 consumo
786 909 885 952 omne
909 898 1051 971 tempus,
1070 910 1138 952 non
1162 899 1199 952 ut

147 1000 193 1063 ab
218 999 259 1062 iis
285 998 484 1062 medicinam
510 1007 716 1080 perpetuam,
742 997 801 1061 sed
826 1006 863 1060 ut
888 998 1041 1080 exiguam
1066 997 1200 1062 oblivio
1224 989 1228 994 ¹

148 1127 230 1172 nem
254 1107 378 1171 doloris
403 1116 525 1189 petam.
577 1106 677 1189 Quod
703 1105 731 1169 si
756 1105 788 1169 id
814 1103 1002 1189 egissemus
1019 1125 1082 1188 ego
1099 1115 1234 1190 atque5

147 1226 187 1280 tu
198 1216 343 1300 —quod
360 1236 404 1279 ne
417 1215 451 1278 in
468 1224 616 1277 mentem
628 1215 761 1297 quidem
780 1214 878 1278 nobis
890 1214 1047 1278 veniebat
1063 1224 1200 1298 propter

150 1323 340 1390 cotidianos
366 1333 486 1399 metus,
502 1343 656 1386 -omne
681 1333 814 1405 tempus
841 1343 906 1386 una
930 1323 1122 1398 fuissemus,
1144 1343 1200 1386 ne-

148 1453 217 1518 que
241 1453 295 1496 me
311 1431 468 1496 valetudo
488 1441 547 1495 tua
564 1432 752 1495 offenderet
770 1452 879 1515 neque
895 1441 930 1495 te
946 1452 1077 1496 maeror
1093 1453 1197 1498 meus

151 1543 253 1627 Quod
278 1551 442 1625 quantum
467 1540 538 1604 fieri
563 1540 687 1622 poterit
713 1561 981 1624 consequamur;
1005 1540 1085 1624 quid
1110 1541 1198 1604 enim

149 1661 202 1716 est
236 1649 371 1734 utrique
403 1658 555 1714 nostrum
592 1649 727 1732 aptius?
793 1648 987 1732 Propediem
1022 1657 1057 1712 te
1098 1648 1201 1732 igitur

149 1759 283 1824 videb0.
760 1756 763 1760 ’

475 1934 624 1999 cxxx.
659 1934 763 2029 (ram.
782 1952 813 2018 9.
833 1933 878 2018 8.)

504 2108 645 2160 CICERO
668 2109 849 2160 VARRONI.

199 2245 277 2310 Etsi
305 2264 428 2308 munus
460 2243 621 2328 flagitare,
648 2243 800 2327 quamvis
826 2242 901 2327 quis
933 2244 1130 2326 ostenderit,
1155 2264 1229 2309 ner

149 2353 297 2437 populus
323 2352 457 2436 quidem
484 2352 569 2417 solet
598 2352 664 2416 nisi
692 2351 890 2428 concitatus,
916 2362 1030 2416 tamen
1057 2372 1121 2436 ego
1146 2373 1199 2416 ex·

150 2463 364 2545 spectatione
380 2460 537 2544 promissi
556 2461 606 2524 tui
626 2481 762 2524 moveor
784 2471 822 2524 ut
846 2461 1043 2525 admoneam
1068 2471 1112 2537 te,
1130 2482 1198 2526 non

150 2580 188 2635 ut
213 2569 373 2653 flagitem.
427 2569 507 2633 Misi
535 2578 648 2632 autem
673 2569 714 2632 ad
739 2579 775 2632 te
790 2578 948 2652 quattuor
971 2569 1198 2634 admonitores

184 2743 208 2790 4.
243 2729 305 2777 hic:
335 2727 379 2778 the
409 2727 540 2777 reference
569 2727 591 2776 is
621 2734 648 2776 to
735 2727 848 2777 LXXX.
872 2727 1024 2784 Tusculum,
1041 2728 1101 2792 July
1121 2741 1147 2775 11
1167 2743 1198 2778 or

150 2798 249 2845 Romae
273 2833 277 2843 .
303 2831 308 2843 .
334 2832 339 2844 .
363 2797 475 2844 miratus
504 2810 570 2852 sum,
600 2794 648 2856 Ep.
703 2807 740 2850 12,
758 2805 790 2858 45
816 2805 866 2842 nc.
917 2794 959 2842 On
979 2795 1070 2852 Varro,
1089 2795 1122 2844 ci.
1148 2796 1196 2859 Ep.

151 2862 294 2912 LXXVII.
311 2875 331 2910 1.
356 2863 398 2911 On
411 2861 467 2920 hic,
479 2860 510 2909 cf.
521 2861 569 2924 Ep.
583 2861 648 2910 XII.
701 2861 758 2909 LX.
770 2859 866 2909 introd.
879 2869 949 2909 note.

152 2926 649 2991 1n.—domus...possit:because
736 2941 756 2974 1.
787 2927 925 2990 promissi
948 2928 1007 2978 tui:
1037 2928 1120 2977 Varro
1144 2929 1197 2978 had

150 2997 171 3045 it
183 2995 271 3044 would
283 2993 384 3044 remind
398 2994 452 3043 him
466 2993 495 3042 oi
516 2993 648 3044 Publilia’s
700 2992 839 3058 promised,
857 3009 887 3042 as
905 2995 974 3058 early
991 3009 1020 3044 as
1039 3008 1069 3056 47
1089 3007 1150 3053 ne,
1168 3004 1196 3045 to

149 3061 354 3112 conduct—ut
373 3096 381 3111 .
403 3096 410 3110 .
430 3096 436 3109 .
455 3068 568 3124 petam:
593 3060 649 3110 CIc-
700 3059 819 3110 dedicate
831 3074 882 3109 one
894 3060 924 3108 of
940 3060 981 3110 his
994 3062 1078 3111 works
1094 3069 1122 3111 to
1141 3062 1197 3112 Cic-

150 3129 219 3178 ero's
227 3128 319 3177 efforts
327 3128 354 3176 in
363 3127 472 3190 secking
484 3127 647 3176 consolation
700 3141 759 3186 ero;
778 3127 811 3176 cf.
824 3128 877 3174 Aa.
893 3140 931 3193 13.
947 3141 984 3176 12.
999 3141 1013 3192 3
1031 3129 1115 3177 Varro
1130 3131 1198 3178 mihi

149 3194 235 3245 found
247 3195 397 3258 expression
410 3194 548 3259 especially
561 3194 588 3241 in
605 3193 648 3242 the
699 3196 898 3242 denuntiaverat
907 3210 1027 3260 magnam
1037 3203 1130 3244 sancet
1136 3212 1196 3259 gra-

153 3264 295 3312 Consolatio
306 3261 357 3310 and
376 3261 420 3310 the
444 3262 572 3311 Tusculan
590 3262 649 3308 Dis·
699 3277 753 3310 vem
772 3261 963 3323 nuenarianam
981 3261 1029 3311 but
1046 3263 1072 3310 in
1090 3276 1122 3327 45
1141 3263 1197 3312 Cic-

148 3331 286 3393 putatious.
371 3394 378 3407 Ι
700 3343 745 3377 ero
757 3329 842 3378 writes
853 3327 1015 3393 impatiently
1026 3329 1089 3393 (An.
1105 3342 1141 3394 ¹3·
1158 3345 1194 3378 12.

150 3393 649 3525 nvi'dstigedthssimsiffiuidre'e'ehi'hi
700 3394 1196 3520 iirtii'ililsssssll‘lffitu‘?uirilfi

150 3529 287 3578 continues
305 3527 418 3591 through
437 3528 649 3578 fuissemus—
700 3529 801 3576 nullum
827 3531 987 3591 processerit.
1042 3529 1196 3595 Ultimately

150 3609 236 3644 omne
255 3604 387 3658 tempus:
417 3611 449 3643 sc.
465 3602 524 3656 past
539 3611 613 3642 suum
632 3610 648 3642 a
700 3595 805 3644 Varro’s
825 3595 895 3643 work
919 3597 949 3643 de
971 3596 1075 3659 Lingua
1099 3598 1194 3646 Latina

155 3663 298 3710 Thessalica
306 3670 397 3724 pugna
410 3663 519 3709 reditum
533 3663 562 3707 in
575 3662 648 3708 Itali·
699 3660 836 3723 appeared,
849 3661 965 3710 between
977 3673 1008 3726 45
1025 3662 1077 3710 and
1091 3678 1106 3724 4
1109 3677 1123 3728 3
1137 3676 1194 3720 ne,

149 3744 191 3777 am
211 3727 564 3793 (Manutius).—valetudo
582 3734 647 3776 tua:
700 3727 729 3775 oi
745 3727 828 3776 which
842 3735 938 3793 twenty
950 3727 1036 3777 books
1048 3744 1114 3778 were
1126 3729 1196 3778 dedi-

149 3794 182 3844 ci.
196 3795 245 3859 Ep.
259 3794 401 3844 LXXVII.
416 3809 437 3844 1.
699 3793 775 3842 cated
790 3801 821 3842 to
840 3794 1127 3859 Cicero-quattuor
1143 3796 1196 3845 ad·
