2780 4332
233 291 284 345 27⁶
572 290 739 342 CICERO’S
763 289 936 342 LETTERS.
1118 289 1181 360 [Ep.
1195 293 1282 345 XCV.

234 459 380 543 positum
412 461 590 535 videretur,
625 461 682 543 qui
714 461 752 535 si,
783 471 819 523 ut
853 462 1078 543 sperabamus,
1109 463 1280 545 erupisset

235 569 377 644 Mutina,
411 568 494 631 nihil
526 569 604 632 belli
636 568 755 652 reliqui
794 569 867 632 iore
911 569 1107 633 videbaturu
1162 571 1281 634 Parvis

234 677 371 741 omnino
395 677 460 741 iam
485 676 590 760 copiis
611 678 835 753 obsidebatur,
860 679 948 760 quod
968 698 1089 761 magno
1109 679 1280 761 praesidio

234 787 417 850 Bononiam
451 787 589 850 tenebat
621 785 820 862 Antonius;
853 796 923 850 erat
956 795 1068 850 autem
1096 788 1281 853 Claternae

234 905 349 960 noster
378 895 521 970 Hirtius,
540 895 582 958 ad
607 895 731 958 Forum
759 894 952 959 Cornelium
977 895 1109 971 Caesar,
1133 906 1279 980 uterque

233 1025 310 1069 cum
338 1006 433 1068 firmo
462 1003 620 1080 exercitu,
646 1023 852 1086 magnasque
878 1004 1006 1067 Romae
1031 1004 1137 1069 Pansa
1161 1006 1278 1088 copias

234 1133 275 1177 ex
290 1114 415 1178 dilectu
439 1112 556 1176 Italiae
579 1122 796 1195 compararat.
848 1112 968 1176 Hiems
990 1112 1098 1177 adhuc
1115 1133 1186 1176 rem
1202 1114 1279 1196 geri

233 1222 457 1306 prohibuerat.
508 1221 641 1285 Hirtius
673 1220 756 1284 nihil
789 1221 852 1284 nisi
885 1221 1103 1299 considerate,
1129 1231 1168 1285 ut
1192 1222 1279 1286 mihi

234 1331 360 1395 crebris
384 1330 506 1394 litteris
533 1330 709 1412 significat,
735 1338 872 1395 acturus
903 1329 1088 1395 videbatur.
1138 1331 1279 1395 Praeter

235 1439 428 1516 Bononiam,
456 1438 600 1522 Regium
635 1437 762 1520 Lepidi,
798 1439 958 1513 Parmam,
992 1447 1097 1502 totam
1130 1438 1277 1503 Galliam

235 1549 435 1612 tenebamus
459 1547 740 1611 studiosissimam
764 1546 812 1610 rei
834 1567 866 1629 p.
914 1548 1006 1610 Tuos
1023 1546 1123 1610 etiam
1140 1547 1278 1612 clientis

233 1656 491 1739 Transpadanos
519 1655 658 1719 mirifice
682 1655 880 1719 coniunctos
905 1676 980 1719 cum
1005 1675 1105 1720 causa
1132 1656 1278 1720 habeba·

233 1785 318 1830 mus.
368 1766 449 1829 Erat
470 1763 683 1828 firmissimus
701 1774 840 1827 senatus
862 1763 1011 1847 exceptis
1033 1765 1276 1842 consularibus,

200 1893 275 1947 aex
295 1874 417 1957 quibus
439 1893 526 1936 unus
550 1873 587 1937 L.
608 1872 732 1937 Caesar
752 1874 876 1937 firmus·
889 1882 940 1936 est
964 1883 997 1936 et
1019 1883 1140 1938 rectus.
1200 1873 1277 1939 Ser.

234 1981 363 2065 Sulpici
379 1991 488 2045 morte
504 2001 663 2063 magnum
687 1981 889 2063 praesidium
906 1980 1088 2046 amisimus.
1139 1981 1278 2066 Reliqui

233 2090 355 2174 partim
389 2090 525 2167 inertes,
560 2089 682 2172 partim
717 2089 870 2172 improbi.
925 2089 1088 2154 Nonnulli
1123 2089 1277 2154 invident

233 2219 349 2264 eorum
381 2198 471 2262 laudi
503 2218 586 2281 quos
620 2197 654 2260 in
686 2217 722 2260 re
754 2219 786 2280 p.
819 2198 951 2280 probari
983 2198 1107 2263 vident.
1158 2199 1279 2282 Populi

233 2327 312 2372 vero
350 2307 496 2371 Romani
523 2306 695 2390 totiusque
732 2306 848 2370 Italiae
884 2307 968 2372 mira
1002 2307 1180 2371 consensio
1211 2317 1277 2373 est.

235 2417 332 2481 Haec
357 2426 453 2479 erant
477 2415 549 2478 fere
582 2435 667 2499 quae
698 2415 761 2478 tibi
793 2424 873 2479 nota
897 2435 972 2480 esse
994 2416 1124 2480 vellem.
1174 2416 1279 2482 Nunc

233 2608 275 2640 res
292 2607 318 2640 se
333 2592 369 2639 sic
386 2590 474 2640 habet:
502 2591 526 2637 is
542 2589 634 2638 bellum
652 2590 731 2654 confe-
781 2590 926 2654 3(written
944 2589 1026 2640 about
1045 2590 1106 2640 Feb.
1126 2605 1148 2650 2,
1159 2604 1192 2656 43
1210 2592 1277 2656 uc.)

233 2660 297 2707 cerii
311 2659 359 2722 qui
369 2659 513 2706 Antonium
530 2658 730 2719 oppresserit-
778 2657 1279 2723 habemussortemsenatum,comulan's

235 2726 461 2783 Clatemte‚etc.:
473 2723 507 2772 all
515 2723 560 2772 the
567 2723 654 2786 places
662 2738 730 2772 men·
774 2725 874 2787 partim
887 2726 997 2782 timidos,
1010 2726 1110 2788 partim
1123 2725 1191 2773 male
1201 2728 1278 2774 senti·

234 2791 324 2840 tioued
341 2806 407 2840 were
424 2805 459 2839 on
477 2790 523 2839 the
541 2793 586 2839 via
609 2791 729 2848 Aemilio,
778 2792 861 2848 entis;
882 2807 1005 2854 magnum
1029 2793 1154 2840 damnum
1170 2792 1276 2856 sacham

234 2858 293 2916 and,
303 2857 364 2907 with
377 2857 567 2920 theexceptiou
580 2856 610 2906 oi
619 2857 730 2920 Regium
778 2859 866 2906 estin
889 2859 979 2907 Servio
985 2873 998 2918 ;
1021 2859 1053 2907 L.
1073 2859 1167 2908 Caesar
1183 2861 1279 2921 optime

235 2924 326 2988 Lepidi
349 2924 401 2974 and
418 2925 531 2982 ¹Parma,
554 2924 598 2990 lay
626 2932 655 2973 to
685 2924 730 2972 the
779 2926 862 2982 sentit,
879 2926 930 2982 sed,
944 2926 1014 2990 quod
1027 2926 1172 2974 avunculus
1185 2926 1236 2990 (ie.
1249 2926 1280 2974 oi

234 2992 370 3042 southeast
399 2991 429 3040 oi
457 2991 567 3048 Mutina,
591 2991 617 3039 in
646 2991 730 3040 which
780 2993 898 3057 Antony)
922 2999 964 3049 cst,
983 3007 1035 3040 non
1057 2994 1198 3041 acerrimas
1215 2994 1281 3042 dicit

234 3068 304 3108 town
322 3060 357 3106 D.
373 3059 469 3107 Brutus
487 3073 540 3107 was
558 3056 732 3121 besieged—
779 3060 923 3107 sententiis.
972 3058 1030 3108 The
1058 3057 1145 3119 leader
1173 3059 1203 3108 of
1232 3060 1279 3109 the

234 3140 343 3189 magno
358 3125 523 3189 praesidio:
553 3125 662 3190 Antony
679 3124 732 3173 had
779 3124 913 3175 moderate
935 3125 1036 3175 faction
1060 3141 1112 3174 was
1130 3125 1163 3187 Q.
1186 3126 1280 3176 Fufius

234 3192 378 3241 somewhat
398 3206 469 3240 more
493 3191 556 3240 than
573 3192 614 3240 six
631 3192 732 3254 legions
780 3193 902 3241 Calenus.
937 3192 979 3242 Cf.
998 3193 1110 3255 Philipp.
1128 3192 1152 3241 8.
1171 3206 1217 3250 113
1240 3207 1279 3242 ro.

234 3266 261 3308 at
281 3259 322 3308 his
342 3258 467 3321 disposal.
508 3258 551 3307 Cf.
575 3259 689 3321 Philipp.
707 3259 731 3307 8.
780 3272 809 3323 33
829 3258 960 3322 12.3and
975 3258 1012 3308 18.

236 3340 249 3374 2
253 3338 275 3391 5.
285 3333 426 3375 -noster
450 3325 584 3374 Hirtius:
614 3325 646 3374 cf.
667 3325 731 3374 Intr.
813 3339 836 3388 3.
855 3325 917 3375 Ser.
929 3325 1039 3389 Sulpici
1051 3333 1163 3374 morte:
1180 3325 1215 3374 cf.
1229 3327 1280 3390 Ep.

235 3394 434 3454 42.—Forum
448 3391 630 3442 Cornelium:
648 3406 732 3454 arare
782 3392 892 3440 LXXV.
904 3391 1000 3441 introd.
1011 3399 1083 3442 note.
1108 3392 1167 3442 The
1178 3401 1280 3450 senate,

234 3459 303 3508 form
342 3458 385 3508 lor
424 3460 521 3507 Forum
568 3459 676 3507 Corneli
699 3487 733 3495 —
780 3473 815 3517 on
828 3460 886 3519 Jan.
899 3472 922 3518 4,
938 3473 970 3524 43
989 3470 1049 3517 u.c.,
1066 3458 1118 3508 had
1136 3459 1282 3522 appointed

236 3527 361 3576 Caesar:
385 3527 422 3573 ie.
447 3524 733 3575 Octavianus-tuos
781 3541 798 3574 a
815 3526 990 3583 commission,
1014 3524 1156 3589 composed
1174 3525 1205 3575 oi
1223 3527 1280 3576 Ser.

235 3593 349 3642 clientis
363 3592 608 3655 Transpadanos:
627 3591 680 3640 this
697 3607 734 3640 re·
783 3592 912 3655 Sulpicius
933 3592 1028 3652 Rufus,
1048 3594 1078 3641 L.
1096 3593 1164 3650 Piso,
1177 3591 1229 3641 and
1251 3595 1282 3642 L.

234 3658 376 3720 lationship
399 3657 464 3706 does
488 3666 535 3706 not
555 3673 626 3706 seem
650 3666 678 3706 to
701 3656 733 3707 be
783 3658 926 3721 Philippus,
938 3667 967 3707 to
984 3659 1027 3725 lay
1038 3659 1135 3708 certain
1151 3658 1282 3709 demands

235 3721 386 3770 mentioned
408 3722 733 3787 elsewhere—exceptis
781 3723 873 3774 before
885 3726 1002 3791 Antony,
1014 3725 1062 3774 but
1075 3725 1206 3789 Sulpicius
1217 3724 1282 3776 died

235 3786 446 3845 consularibus,
455 3794 512 3836 ete:
522 3787 556 3836 ci.
564 3789 636 3836 Fam.
647 3803 685 3837 ro.
694 3788 734 3837 28.
782 3789 873 3840 before
898 3791 1021 3854 reaching
1044 3791 1174 3856 Antony's
1203 3791 1284 3842 head·
