2814 4328
151 349 229 399 raam.
242 362 265 398 2.
281 347 331 414 re]
492 315 659 398 cicano’s
685 341 858 399 narrans.
1155 349 1203 404 177

154 516 320 599 optimum
349 515 498 600 mihique
521 515 738 592 carissimum,
765 536 808 580 an
839 516 982 593 dubitas,
1009 538 1082 581 cum
1117 517 1203 582 scias

154 625 366 708 quanticum
384 623 477 688 illum
493 634 565 689 tum
581 644 660 688 vero
680 624 823 690 Tulliam
842 645 950 688 meam
973 625 1104 702 faciam,
1122 627 1203 711 quin

155 753 265 797 earne
283 754 362 798 cura
378 732 675 797 vehementissime
699 732 867 809 sollicitet,
883 743 917 797 et
935 753 974 797 eo
991 735 1099 817 magis
1115 736 1202 817 quod
1231 749 1235 755 '

155 841 190 905 in
208 841 442 906 communibus
458 841 602 906 miseriis
622 841 685 906 hac
701 849 814 907 tamen
840 843 1032 906 oblectabar
1056 844 1200 925 specula,

156 949 368 1014 Dolabellam
385 969 496 1013 meum
513 950 565 1013 vel
582 951 694 1032 potius
711 959 863 1014 nostrum
880 950 953 1014 fore
977 951 1019 1014 ab
1037 951 1078 1014 iis
1103 952 1202 1016 mole·
1303 981 1309 992 ·

155 1057 240 1134 stiis,
255 1079 339 1142 quas
355 1057 555 1122 liberalitate
573 1078 634 1122 sua
650 1067 872 1134 contraxerat,
888 1058 1052 1122 liberum?
1089 1059 1200 1123 Velim

154 1186 295 1251 quaeras
320 1186 404 1250 quos
429 1166 485 1230 ille
512 1167 584 1230 dies
615 1166 822 1242 sustinuerit,
850 1167 884 1229 in
909 1167 992 1230 urbe
1015 1167 1094 1230 dum
1126 1167 1200 1244 iuit,

154 1296 255 1359 quam
287 1275 426 1340 acerbos
457 1275 532 1351 sibi,
566 1296 664 1358 quam
704 1275 857 1338 mihimet
889 1275 954 1356 ipsi
986 1295 1101 1340 socero
1134 1297 1201 1340 non

154 1383 330 1448 honestos.
364 1384 482 1467 Itaque
495 1404 604 1467 neque
618 1403 680 1466 ego
697 1383 787 1448 hunc
808 1384 1070 1466 Hispaniensem
1088 1369 1200 1449 casum
1219 1394 1237 1445 6

155 1502 325 1575 exspect0,
350 1493 392 1556 de
415 1511 481 1577 quo
505 1491 587 1556 mihi
613 1493 821 1574 exploratum
847 1503 898 1556 est
924 1494 971 1557 ita
995 1513 1070 1557 esse
1094 1504 1130 1556 ut
1165 1503 1202 1557 tu

155 1600 287 1677 scribis,
305 1621 415 1685 neque
431 1601 606 1684 quicquam
625 1610 737 1665 astute
755 1601 875 1684 cogito.
928 1600 965 1666 Si
982 1603 1113 1684 quando
1139 1603 1201 1665 erit
1230 1676 1233 1682 1

155 1709 284 1785 civitas,
298 1709 361 1773 erit
378 1709 531 1793 proiecto
548 1709 646 1773 nobis
662 1710 771 1786 locus;
796 1710 847 1773 sin
864 1718 976 1772 autem
994 1729 1061 1772 non
1079 1711 1151 1785 erit,
1167 1711 1200 1773 in
1258 1783 1260 1788 ¹

155 1818 292 1882 easdem
321 1817 519 1882 solitudines
540 1827 577 1880 tu
601 1818 682 1900 ipse,
700 1827 737 1881 ut
762 1818 912 1892 arbitror,
932 1818 1055 1893 venies,
1075 1819 1108 1881 in
1134 1819 1201 1901 qui-

155 1926 219 1990 bus
241 1946 304 1990 nos
324 1926 519 1990 consedisse
535 1926 660 1990 audies.
711 1925 778 1991 Sed
796 1908 860 2008 ego
876 1926 1021 1989 fortasse
1038 1926 1202 1991 vaticinor

155 2043 190 2098 et
207 2034 290 2098 haec
307 2035 418 2098 omnia
434 2034 588 2098 meliores
606 2035 777 2098 habebunt
792 2035 921 2111 exitus3
946 2035 1101 2098 recordor
1112 2036 1200 2099 enim

155 2143 409 2227 desperationes
435 2162 548 2206 eorum
574 2143 630 2226 qui
653 2163 752 2206 senes
777 2126 871 2207 erant
897 2143 1111 2206 adulescente
1135 2164 1197 2209 me.

156 2252 227 2316 Eos
238 2272 301 2334 ego
311 2251 457 2315 fortasse
466 2272 557 2316 nunc
568 2252 681 2315 imitor
694 2259 726 2314 et
740 2261 817 2314 utor
826 2252 946 2315 aetatis
957 2251 1046 2316 vitio.
1088 2252 1199 2315 Velim

155 2360 203 2424 ita
219 2360 279 2438 sit;
302 2361 363 2424 sed
383 2370 496 2425 tamen
508 2399 571 2424 -.
621 2361 750 2442 Togam
770 2369 976 2442 praetextam
999 2361 1068 2424 texi
1089 2360 1200 2443 Oppio
1218 2373 1232 2422 7

155 2514 275 2577 omnique
298 2513 456 2574 patrimonio
479 2512 653 2574 praestantior
703 2510 852 2571 vaticinor,
869 2513 981 2574 perhaps
999 2513 1019 2559 I
1031 2527 1073 2560 am
1097 2528 1113 2559 a
1128 2513 1200 2576 salse

152 2581 239 2644 gloriis
249 2580 355 2628 virtutis
366 2594 505 2642 rerumque
511 2585 651 2642 gattarum.
698 2579 815 2641 prophet.
853 2579 977 2627 fortasse
990 2593 1100 2641 appears
1119 2587 1148 2628 to
1167 2577 1199 2628 be

155 2660 235 2696 -an
253 2646 386 2696 dubitas:
410 2645 484 2694 when
502 2659 535 2693 sn
554 2659 653 2694 answer
704 2645 810 2710 cynical.
846 2645 885 2694 Its
904 2659 949 2693 use
967 2645 989 2694 is
1008 2645 1079 2708 quite
1099 2645 1125 2693 in
1144 2645 1200 2694 har·

156 2720 185 2762 to
203 2728 219 2762 a
235 2712 360 2777 difficulty
374 2712 397 2760 is
414 2711 516 2760 thrown
533 2710 590 2760 into
607 2711 652 2760 the
703 2711 851 2777 monywith
862 2712 906 2760 the
919 2710 1053 2776 markedly
1062 2713 1127 2760 calm
1138 2719 1199 2761 tone

155 2779 225 2828 form
234 2778 431 2843 oiaquestion,
439 2778 460 2827 it
468 2778 491 2828 is
503 2779 653 2843 commonly
704 2778 786 2827 which
808 2778 900 2827 Cicero
921 2776 1013 2827 affects
1038 2777 1199 2842 throughout

155 2844 310 2896 introduced
322 2845 357 2911 by
368 2862 403 2894 an
409 2861 421 2903 ,·
439 2845 472 2894 ci.
490 2845 561 2894 Tusc.
575 2846 651 2907 Disp.
703 2844 730 2893 in
742 2845 858 2910 replying
874 2855 902 2893 to
915 2845 959 2893 the
971 2845 1107 2908 impulsive
1123 2845 1200 2894 letter

158 2913 655 2977 1.14qnasinonnecessesit‚quicquid
703 2911 733 2960 oi
756 2911 972 2960 Caelius—scd
991 2919 1106 2960 tamen:
1133 2912 1198 2961 such

155 2982 203 3029 isto
226 2979 297 3028 modo
314 2980 477 3041 pronunties,
495 2980 525 3028 id
538 2985 587 3028 aut
602 2994 653 3028 esse
703 2993 736 3027 an
754 2979 917 3042 aposiopesis
938 2979 959 3027 is
977 2979 1114 3044 especially
1132 2993 1200 3027 com-

154 3053 333 3096 autnonesse.
369 3048 414 3094 An
430 3045 606 3095 tudialecticu
621 3062 652 3094 ne
703 3060 765 3094 mon
777 3045 803 3093 in
819 3045 863 3094 the
882 3046 985 3093 Letters
997 3045 1071 3093 when
1084 3045 1128 3094 the
1141 3061 1199 3109 sup

155 3113 266 3162 imbntw
277 3113 378 3178 quidem
390 3128 422 3160 es.
458 3112 507 3162 See
521 3112 578 3161 also
590 3112 652 3160 Phi·
702 3110 810 3175 pressed
819 3110 964 3176 possibility
971 3111 993 3160 is
1002 3126 1035 3160 an
1046 3113 1198 3175 unpleasant

154 3181 217 3244 lipp.
228 3194 250 3229 2.
265 3179 487 3244 38.—liberum:
505 3178 651 3236 Dolabella,
703 3193 762 3237 one,
802 3177 899 3227 Bbckel
925 3186 1019 3242 quotes
1037 3180 1090 3226 Art.
1114 3192 1137 3240 7.
1159 3193 1197 3243 ²3·

154 3247 229 3296 when
241 3246 377 3296 hewasin
389 3260 476 3311 power
487 3254 514 3295 st
534 3247 652 3295 Romes
704 3259 717 3294 2
744 3246 848 3294 manebo
876 3246 963 3308 rigitur,
987 3248 1035 3293 etsi
1055 3247 1197 3303 vrbere—;

154 3313 205 3363 few
217 3327 291 3380 years
308 3313 381 3371 later,
393 3313 505 3378 actually
518 3310 651 3376 proposed
701 3313 775 3360 Fam.
790 3325 827 3372 14.
841 3325 863 3375 3.
879 3324 892 3375 5
904 3313 928 3359 si
933 3311 1057 3375 perficitis
1070 3312 1139 3374 quod
1147 3314 1199 3375 agi-

154 3395 234 3430 novae
249 3380 368 3437 tabulam
391 3378 424 3428 cf.
443 3381 496 3428 Ate.
517 3392 555 3427 11.
574 3392 613 3443 23·
627 3391 649 3443 3.
701 3380 740 3436 tis,
760 3393 800 3426 me
815 3379 852 3426 ud
866 3393 909 3426 vos
923 3379 1012 3426 venire
1028 3385 1135 3441 oportet,·
1156 3380 1198 3427 sin

152 3461 268 3511 -quos
292 3446 339 3496 ille
358 3445 430 3506 dies,
444 3454 503 3495 etc:
524 3462 556 3494 sc.
574 3444 649 3494 when
699 3452 837 3494 autem-.

153 3513 259 3578 pressed
280 3513 314 3579 by
332 3513 372 3562 his
390 3511 515 3562 creditors
532 3511 575 3560 ior
591 3527 651 3576 pay·
734 3524 757 3573 7.
783 3511 895 3575 Oppio:
925 3525 997 3574 upon
1022 3510 1131 3574 Oppius,
1153 3526 1198 3560 see

153 3588 232 3630 ment.
702 3579 750 3641 Ep.
765 3579 853 3626 XXX.
868 3592 890 3625 2.
921 3578 1012 3627 Cicero
1026 3577 1198 3642 humorously

186 3647 210 3697 6.
231 3646 462 3711 Hispaniensem
480 3659 599 3696 casum:
617 3644 663 3693 ci·
702 3658 837 3708 expresses
856 3644 881 3693 in
900 3651 1000 3707 togam
1018 3651 1197 3707 praetextam

153 3715 184 3764 de
193 3715 338 3776 Hispaniis,
350 3714 397 3777 Ep.
408 3714 437 3762 L.
450 3726 465 3777 3
478 3719 650 3761 n.-astute
702 3711 760 3760 texi
773 3710 817 3760 the
830 3711 899 3774 hope
912 3711 995 3759 which
1009 3711 1110 3774 Oppius
1128 3711 1198 3759 cher-

153 3781 267 3846 cogito:
292 3780 335 3830 ior
357 3787 469 3828 astutum
494 3781 590 3843 cogito,·
617 3778 650 3827 cf.
701 3776 775 3827 ished
805 3777 833 3844 of
861 3778 981 3841 securing
1009 3778 1097 3840 public
1125 3777 1197 3826 office

149 3849 259 3912 proluat,
273 3847 321 3911 Ep.
335 3846 412 3896 XXI.
428 3860 437 3894 r
450 3861 474 3894 n.
483 3846 649 3895 -iortassc
701 3844 815 3907 through
825 3844 870 3892 the
882 3844 1009 3893 influence
1019 3844 1048 3892 of
1060 3843 1100 3893 his
1112 3843 1197 3893 friend
