2814 4330
191 322 242 371 Art.
257 332 280 388 5.
295 320 333 406 1.]
537 321 704 371 CICERO'S
729 321 904 371 LETTERS.
1071 379 1072 383 Ἰ
1192 320 1239 374 111

190 509 255 572 ego
279 488 430 553 accivero
456 487 599 572 pueros?
656 487 750 552 Nihil
781 489 901 572 potuit,
928 489 1011 553 mihi
1035 490 1169 575 quidem
1201 500 1239 555 ut

189 597 300 662 visum
319 607 380 673 est,
399 597 540 673 dulcius,
560 597 660 680 idque
676 618 752 662 cum
769 599 880 676 verbis
903 607 975 662 tum
1001 599 1102 662 etiam
1126 599 1238 663 animo

189 727 229 771 ac
245 706 350 770 vultu.
392 705 442 768 At
459 705 516 769 illa
531 704 744 770 audientibus
759 706 871 770 nobis:
897 707 990 789 ‘Ego
1008 706 1103 783 sum,'
1118 707 1236 790 inquit,

192 814 267 879 ‘hic
283 812 436 897 hospita'
450 853 496 862 -
510 813 543 877 id
560 822 672 878 autem
693 832 734 877 ex
759 823 864 908 e0,ut
889 815 1017 897 opinor,
1035 817 1123 899 quod
1147 826 1239 880 ante-

189 933 338 988 cesserat
371 922 502 987 Statius
535 931 572 986 ut
608 922 783 1004 prandium
816 923 928 987 nobis'
946 923 1085 988 videret.
1150 926 1237 990 Tum

191 1031 341 1115 Quintus
368 1029 463 1108 ‘En,'
489 1030 598 1114 inquit
623 1030 715 1107 mihi,
743 1031 844 1096 ‘haec
869 1052 932 1115 ego
959 1032 1067 1114 patior
1091 1032 1235 1098 cotidie.’

189 1139 311 1204 Dices:
330 1139 448 1222 ‘Quid‚
463 1159 597 1223 quaeso,
613 1139 700 1203 istuc
711 1149 782 1203 erat
793 1138 824 1202 ?’
859 1141 1037 1223 Magnum3
1054 1141 1166 1223 itaque
1182 1162 1237 1205 me
1255 1163 1271 1210 4

189 1247 299 1331 ipsum
323 1256 563 1312 commoverat:
588 1247 636 1311 sic
658 1248 801 1311 absurde
818 1257 852 1311 et
869 1268 988 1330 aspere
1002 1247 1113 1312 verbis
1130 1249 1237 1314 vultu-

188 1376 255 1440 que
282 1357 510 1438 responderat.
570 1355 788 1419 Dissimulavi
814 1337 941 1420 dole'ns.
996 1357 1236 1422 Discubuimus

189 1484 308 1529 omnes
341 1473 474 1547 praeter
505 1463 605 1540 illam,
635 1464 690 1528 cui
721 1473 835 1528 tamen
869 1465 1019 1548 Quintus
1047 1467 1088 1529 de
1120 1487 1237 1531 mensa

189 1573 295 1651 misit;
314 1571 370 1636 illa
383 1571 508 1637 reiecit.
552 1572 643 1656 Quid
661 1573 787 1637 multa?
806 1572 889 1636 nihil
902 1593 977 1636 meo
994 1573 1099 1638 fratre
1114 1574 1234 1651 lenius,

190 1680 274 1745 nihil
290 1681 441 1763 asperius
458 1690 517 1744 tua
533 1701 646 1744 sorore
663 1671 745 1744 mihi
760 1680 870 1744 visum
887 1690 949 1757 est,
968 1692 1001 1745 et
1019 1682 1125 1746 multa
1146 1703 1236 1765 prae·

189 1799 282 1854 tereo
296 1809 381 1873 quae
398 1799 471 1852 tum
488 1789 570 1852 mihi
587 1789 702 1852 maiori
716 1789 893 1853 'stomacho
907 1811 1005 1873 quam
1023 1790 1088 1873 ipsi
1105 1791 1235 1874 Quinto

187 1898 337 1963 fuerunt.
387 1898 462 1980 Ego
486 1897 564 1961 inde
587 1897 760 1981 Aquinum
769 1919 777 1976 ;
802 1898 951 1981 Quintus
976 1899 1010 1961 in
1027 1898 1163 1963 Arcano
1188 1921 1236 1985 re-

189 2006 312 2070 mansit
326 2014 360 2070 et
374 2005 548 2089 Aquinum
566 2007 607 2070 ad
624 2026 678 2070 me
693 2006 855 2088 postridie
868 2027 966 2069 mane
978 2007 1072 2070 venit
1088 1994 1235 2092 mihique

190 2114 335 2178 narravit
353 2135 416 2179 nec
438 2103 553 2179 securri
577 2114 666 2179 illam
685 2114 829 2178 dormire
845 2114 992 2179 voluisse
1016 2125 1060 2191 et,
1079 2137 1154 2179 cum
1172 2117 1235 2181 dis-

191 2243 326 2288 cessura
358 2233 459 2299 esset,
487 2222 593 2287 fuisse
622 2223 785 2286 eiusmodi
812 2224 943 2306 qualem
976 2244 1039 2306 ego
1064 2224 1233 2290 vidissem.

191 2331 281 2415 Quid
297 2328 448 2416 quaeris?
473 2331 527 2394 vel
544 2331 607 2414 ipsi
630 2331 694 2395 hoc
711 2331 803 2395 dicas
827 2332 915 2407 licet,
934 2332 1178 2396 humanitatem
1204 2334 1235 2397 ei

190 2460 264 2504 meo
289 2439 411 2504 iudicio
435 2439 492 2503 illo
516 2440 570 2502 die
594 2439 752 2504 defuisse.
804 2440 899 2504 Haec
922 2441 963 2503 ad
983 2449 1018 2502 te
1035 2440 1154 2523 scripsi
1170 2441 1235 2506 for·

188 2557 279 2612 tasse
292 2547 443 2630 pluribus
456 2568 555 2631 quam
570 2567 709 2610 necesse
725 2547 800 2623 tuit,
816 2557 852 2611 ut
865 2547 996 2611 videres
1013 2557 1088 2612 tuas
1101 2547 1234 2632 quoque

190 2675 264 2721 esse
281 2665 394 2739 partes
412 2655 609 2748 instituendi
631 2666 665 2719 et
690 2656 857 2720 monendi.
910 2656 1089 2739 Reliquum
1116 2667 1177 2732 est,
1196 2667 1233 2722 ut
1253 2673 1267 2728 5

192 2827 295 2870 tenants
318 2818 369 2869 and
393 2819 685 2870 slaves-accivere:
737 2816 836 2882 jection
855 2818 882 2866 in
901 2817 980 2882 lively
996 2818 1186 2876 conversation,
1204 2834 1233 2868 as

191 2887 236 2937 the
252 2888 301 2937 fut.
314 2887 378 2950 peri.
390 2881 517 2936 indicates
534 2886 686 2935 sometimes
739 2884 816 2932 Latin
833 2883 943 2948 comedy
955 2883 1113 2950 abundantly
1130 2900 1231 2948 proves.

191 2954 260 3003 what
271 2954 322 3002 will
334 2953 439 3016 happen
450 2952 526 3001 while
538 2952 687 3016 something
739 2950 780 2999 cf.
794 2951 861 3008 Brix,
876 2951 958 2999 Plaut.
977 2952 1048 2999 Trr'n.
1062 2965 1084 3016 3.

190 3021 243 3070 else
253 3020 328 3070 takes
339 3021 421 3084 place.
448 3019 489 3068 Cf.
499 3021 626 3077 dimisero,
637 3020 685 3082 Ep.
770 3032 794 3077 4.
819 3017 861 3067 sic
878 3018 1018 3067 absurde:
1036 3018 1088 3067 this
1100 3034 1146 3068 use
1158 3019 1187 3067 of
1197 3021 1233 3068 sic

192 3087 251 3136 XV.
276 3100 289 3135 2
313 3103 382 3136 n.-
401 3100 527 3150 pueros:
558 3085 686 3150 probably
738 3092 766 3133 to
779 3100 884 3147 express
894 3084 1085 3149 intensitywith
1095 3085 1171 3134 verbs
1181 3085 1232 3134 and

189 3169 276 3220 young
287 3155 391 3203 Marcus
400 3152 451 3201 and
463 3167 551 3219 young
561 3152 685 3214 Quintus,
737 3151 880 3216 adjectives
891 3151 914 3200 is
929 3150 1013 3200 found
1030 3151 1123 3217 chiefly
1133 3152 1159 3200 in
1178 3153 1233 3201 Cic-

189 3221 247 3270 who
270 3219 456 3284 accompanied
480 3219 525 3268 the
548 3227 636 3268 orator
656 3226 685 3268 to
737 3234 781 3267 ero
790 3218 842 3267 and
851 3217 895 3266 the
905 3217 988 3266 comic
996 3218 1093 3267 writers
1101 3218 1231 3284 (Tyrrell).

189 3287 286 3337 Cilicia.
295 3316 328 3324 —
336 3301 408 3351 ego.
421 3322 428 3336 .
439 3287 579 3350 hospita,
590 3287 610 3333 I
617 3303 658 3334 am
668 3301 684 3334 a
738 3284 841 3334 Similar
860 3299 941 3342 cases,
960 3284 1080 3348 perhaps,
1100 3300 1143 3334 are
1166 3286 1231 3334 Hor.

188 3361 307 3418 stranger
334 3353 583 3404 hera-Statius:
611 3354 685 3401 Pom·
736 3353 790 3401 Sat.
807 3365 827 3399 r.
843 3351 919 3417 5.69;
933 3365 954 3398 2.
967 3354 1230 3415 3.1.-stomacho,

188 3422 268 3484 ponia
284 3435 336 3470 was
360 3419 480 3485 annoyed
500 3429 526 3468 at
546 3419 614 3467 what
632 3419 684 3478 she
735 3434 883 3480 annoyance
889 3434 901 3476 ;
919 3433 1041 3466 common
1053 3419 1079 3466 in
1092 3418 1143 3467 this
1156 3433 1231 3468 sense

188 3487 313 3551 regarded
336 3503 365 3536 as
388 3488 433 3536 the
457 3486 635 3535 officiousness
657 3485 686 3534 of
736 3485 798 3549 only
806 3485 832 3532 in
846 3485 890 3533 the
904 3484 1130 3549 Lenem—quid
1143 3499 1231 3548 quae-

189 3553 294 3604 Statius.
334 3554 374 3603 Cf.
395 3555 442 3617 Ep.
462 3553 525 3602 VII.
547 3566 556 3600 r
577 3560 684 3601 n.—ut
735 3551 793 3600 ris:
812 3551 843 3599 cf.
864 3553 910 3614 Ep.
930 3552 962 3599 V.
981 3565 1074 3611 4n.—
1087 3559 1152 3601 tuas
1171 3587 1178 3600 .
1199 3584 1230 3600 ..

189 3655 196 3670 .
210 3656 217 3670 .
231 3655 237 3669 .
249 3622 368 3680 videret,
377 3627 402 3668 to
412 3637 450 3668 see
461 3627 502 3668 to:
517 3635 532 3668 a
545 3619 683 3682 colloquial
736 3618 871 3667 monendi
884 3635 889 3664 ι
903 3618 1006 3666 Atticus
1019 3617 1041 3666 is
1053 3617 1191 3681 requested
1203 3626 1231 3667 to

190 3702 235 3736 use
244 3687 273 3736 of
280 3689 374 3736 videre.
389 3687 430 3735 Cl.
439 3689 535 3736 talaria
544 3687 682 3741 videamus,
736 3699 844 3746 reprove
861 3684 902 3732 his
917 3683 1001 3740 sister,
1013 3684 1068 3748 just
1080 3699 1110 3733 as
1128 3684 1161 3734 he
1179 3685 1232 3734 had

188 3756 242 3802 Au.
255 3767 341 3814 1421.
355 3769 370 3814 4
383 3752 434 3802 and
447 3754 506 3802 Ter.
519 3754 612 3800 Heaut.
626 3764 682 3816 459.
735 3751 888 3814 apparently
911 3749 992 3799 asked
1021 3750 1114 3800 Cicero
1144 3759 1172 3800 to
1196 3767 1232 3800 re·

188 3834 276 3881 -οη,
288 3837 326 3870 see
343 3821 416 3879 than
435 3835 451 3869 a
467 3834 590 3869 common
607 3818 684 3867 inter·
734 3830 815 3880 prove
828 3817 953 3878 Quintus;
965 3817 998 3866 cf.
1009 3831 1031 3881 3.
1054 3817 1168 3879 Quintus
1180 3816 1232 3867 and
