2780 4332
228 281 278 333 288
567 283 737 334 CICERO’S
761 283 936 333 LETTERS.
1091 317 1095 325 ·
1169 282 1238 350 [Ep.
1254 283 1288 333 C.
1378 223 1379 308 l

228 449 399 533 plissimus
433 459 495 526 est,
526 451 684 515 firmitate
718 451 873 534 exiguus;
905 459 1069 534 quantum
1097 460 1216 515 autem
1247 452 1285 514 in

227 560 298 624 acie
315 559 416 622 tironi
443 560 486 622 sit
517 559 795 623 committendum
821 559 961 622 nimium
979 579 1079 641 saepe
1099 569 1286 642 expertum

95 754 98 761 Ι
194 668 398 731 4habemus.
448 666 505 730 Ad
538 667 601 731 hoc
626 668 728 745 robur
751 677 942 731 nostrorum
972 667 1180 732 exercituum
1208 669 1287 732 sive

228 776 411 841 Africanus
437 776 613 851 exercitus
640 776 697 858 qui
722 785 774 839 est
807 785 996 852 veteranus,
1023 776 1094 839 sive
1119 775 1284 842 Caesaris
1378 847 1379 850 Ἴ

228 886 435 961 accessisset,
471 904 576 968 aequo
612 884 724 948 animo
747 904 912 948 summam
933 904 1002 947 rem
1036 906 1067 966 p.
1101 884 1136 946 in
1160 885 1284 949 discri-
1333 905 1336 908 ·

228 1014 306 1058 men
343 994 595 1059 deduceremus.
645 990 830 1076 Aliquanto
861 1000 976 1056 autem
1013 994 1149 1075 propius
1187 1014 1280 1071 esse,

228 1104 316 1187 quod
348 1103 389 1167 ad
415 1102 594 1167 Caesarem
623 1101 755 1176 attinet,
782 1101 987 1166 videbamus.
1038 1101 1133 1164 Nihil
1158 1102 1281 1166 destiti
1378 1143 1379 1166 r

228 1231 303 1276 eum
336 1211 457 1275 litteris
486 1210 623 1287 hortari,
654 1231 764 1293 neque
799 1209 854 1272 ille
886 1208 1065 1273 intermisit
1097 1209 1281 1275 adfirmare
1378 1213 1379 1216 ’

228 1340 265 1384 se
297 1320 369 1384 sine
408 1340 500 1383 mora
539 1319 662 1395 venire,
696 1340 772 1383 cum
815 1318 949 1382 interim
984 1338 1137 1382 aversum
1181 1319 1279 1384 illum
1378 1329 1379 1412 ,

228 1429 270 1492 ab
304 1430 365 1493 hac
401 1428 606 1512 cogitatione
638 1428 679 1492 ad
715 1427 779 1490 alia
816 1426 955 1492 consilia
990 1427 1087 1490 video
1127 1447 1165 1491 se
1200 1449 1281 1492 con-

228 1538 356 1602 tulisse.
407 1537 481 1619 Ego
514 1545 628 1599 tamen
660 1537 701 1599 ad
726 1557 803 1601 eum
830 1535 992 1600 Furnium
1017 1545 1171 1599 nostrum
1198 1557 1279 1601 curn
1378 1565 1379 1616 ,

229 1646 394 1710 mandatis
413 1645 601 1728 litterisque
618 1645 703 1721 misi,
724 1646 752 1709 si
768 1645 847 1729 quid
863 1646 953 1710 forte
969 1648 1131 1729 proficere
1146 1659 1277 1730 posset.

197 1768 210 1820 5
230 1755 304 1820 Scis
329 1764 377 1829 tu,
396 1753 441 1817 mi
462 1753 589 1830 Cicero,
608 1754 697 1837 quod
722 1755 763 1818 ad
789 1754 941 1819 Caesaris
966 1776 1113 1819 amorem
1138 1757 1279 1833 attinet,
1378 1787 1379 1844 y

228 1863 424 1927 societatem
449 1863 532 1925 mihi
554 1881 629 1925 esse
650 1871 772 1938 tecum,
798 1863 851 1926 vel
875 1865 964 1947 quod
988 1864 1022 1927 in
1046 1864 1281 1930 familiaritate
1378 1863 1379 1870 '

230 1971 383 2036 Caesaris
408 1971 483 2034 vivo
505 1971 560 2034 illo
589 1971 653 2034 iam
676 1971 764 2034 tueri
789 1991 864 2034 eurn
889 1981 922 2034 et
945 1973 1084 2056 diligere
1102 1973 1167 2037 fuit
1191 1974 1279 2038 mihi
1378 1981 1379 2056 l

228 2099 376 2156 necesse,
395 2079 447 2142 vel
465 2080 554 2163 quod
576 2079 656 2163 ipse,
675 2081 785 2162 quoad
802 2099 865 2162 ego
883 2101 983 2144 nosse
1000 2081 1103 2163 potui,
1122 2083 1278 2147 modera-
1378 2075 1379 2094 ¹

228 2188 350 2252 tissimi
366 2197 466 2270 atque
483 2187 715 2251 humanissimi
738 2187 804 2252 fuit
821 2209 951 2265 sensus,
969 2189 1023 2252 vel
1039 2191 1129 2273 quod
1146 2211 1188 2253 ex
1205 2200 1277 2255 tam
1378 2217 1379 2224 ³

229 2297 353 2380 insigni
376 2296 523 2360 amicitia
547 2316 621 2359 mea
645 2305 745 2379 atque
772 2296 923 2361 Caesaris
948 2297 1037 2362 hunc
1061 2296 1108 2361 fili
1132 2298 1208 2362 loco
1241 2309 1277 2363 et

228 2448 260 2498 cf.
287 2447 347 2496 Sall.
375 2449 428 2497 Cat.
456 2459 492 2507 14.
517 2461 544 2512 3;
581 2460 618 2512 51.
643 2459 725 2511 25.—
769 2456 879 2496 warrant
902 2463 919 2496 a
943 2448 1042 2497 textual
1071 2448 1172 2513 change
1202 2449 1229 2498 in
1258 2466 1276 2499 a

228 2515 350 2564 nimium
372 2528 480 2577 saepe:
500 2514 527 2562 in
547 2513 592 2562 the
611 2529 663 2562 war
682 2512 724 2562 be·
767 2515 844 2563 letter
870 2514 939 2562 from
965 2515 1083 2564 Plancus.
1126 2517 1177 2566 See
1207 2517 1274 2566 Crit.
1378 2537 1379 2542 ¹

228 2589 310 2631 tween
335 2582 433 2630 Caesar
456 2579 508 2628 and
533 2581 655 2644 Pompey‚
679 2580 725 2628 the
769 2581 1053 2645 Append-venire:
1089 2582 1134 2632 the
1164 2593 1272 2647 present

230 2649 370 2711 Pompeian
382 2648 467 2696 forces
480 2662 547 2696 were
561 2646 637 2695 made
651 2663 685 2710 up
698 2655 725 2696 to
770 2655 798 2696 to
816 2647 928 2696 indicate
947 2649 1003 2697 that
1021 2648 1055 2698 he
1072 2649 1123 2698 will
1141 2651 1226 2700 arrive
1243 2651 1272 2700 in

228 2731 244 2764 a
263 2724 336 2779 great
354 2721 443 2764 extent
463 2713 492 2762 of
515 2714 631 2771 reeruits,
651 2713 726 2762 while
771 2715 815 2763 the
827 2714 977 2764 immediate
989 2715 1085 2765 future.
1110 2716 1175 2766 This
1188 2733 1272 2781 usage

228 2783 273 2831 the
302 2781 442 2831 Caesarian
466 2788 557 2844 troops
583 2780 635 2829 had
659 2780 726 2830 been
770 2781 792 2830 is
820 2781 904 2830 found
934 2782 1030 2848 mainly
1059 2782 1120 2832 with
1144 2784 1189 2832 the
1213 2785 1272 2834 first

228 2847 356 2899 seasoned
379 2847 413 2913 by
431 2847 581 2911 campaigns
604 2847 630 2895 in
650 2848 726 2896 Gaul.
770 2862 873 2912 person,
886 2847 938 2897 and
954 2848 1015 2898 with
1033 2849 1078 2899 the
1097 2849 1168 2899 infin.
1181 2851 1208 2898 in
1226 2852 1273 2900 the
1378 2847 1379 2854 ’

228 2916 270 2965 Cf.
292 2916 339 2979 Ep.
365 2915 463 2964 XLIV.
482 2929 511 2976 ²3
536 2916 589 2963 Ata
613 2928 636 2976 7.
658 2927 726 2978 1312.
770 2921 833 2963 orat.
858 2915 903 2963 obl.
938 2916 1184 2980 representing-the
1215 2918 1273 2967 first

229 2997 251 3039 2,
269 2984 326 3032 also
350 2983 426 3030 Caes.
454 2983 486 3030 B.
513 2983 540 3032 C.
565 2995 587 3046 3.
606 2996 727 3042 4.-ex·
770 2997 865 3045 person
875 2981 1127 3047 (Andresen).—ad
1136 2983 1191 3032 alia
1200 2998 1274 3034 con-

228 3055 341 3114 pertum
353 3048 567 3099 habemustfor
577 3050 678 3111 experti
688 3065 728 3096 su·
771 3049 854 3098 silla:
885 3051 922 3098 i.e.
940 3049 982 3098 his
1000 3049 1143 3116 candidacy
1165 3051 1208 3100 for
1227 3052 1273 3100 the
1378 3061 1379 3068 ¹

227 3132 302 3174 mus,·
314 3116 347 3164 cf.
362 3117 424 3164 Intr.
437 3115 469 3175 84
481 3117 505 3164 d.
771 3116 929 3180 consulship.
973 3115 1015 3165 Cf.
1041 3117 1103 3166 Intr.
1132 3131 1163 3176 42
1191 3117 1274 3181 (end).
1378 3131 1379 3152 l

261 3198 284 3244 4.
312 3183 468 3233 Africanus
492 3182 652 3233 exercitus:
677 3189 728 3230 two
771 3211 803 3218 —
817 3183 957 3232 Furnium
981 3191 1136 3234 nostrum:
1167 3184 1200 3233 cf.
1224 3185 1274 3249 Ep.

227 3251 327 3313 legions
341 3249 423 3298 under
440 3250 484 3298 the
496 3249 634 3298 command
648 3248 677 3296 of
694 3249 728 3310 Q.
772 3250 886 3297 XLVII.
899 3266 923 3298 n.

228 3316 392 3374 Comificius,
405 3331 535 3380 governor
546 3316 576 3364 of
591 3315 729 3364 Africa-
806 3329 828 3380 5.
846 3316 886 3365 mi
904 3315 1018 3366 Cicero:
1037 3315 1069 3366 cf.
1082 3319 1122 3365 nri
1136 3319 1272 3381 Pomponi,

228 3384 355 3447 propius,
373 3391 435 3432 etc:
464 3385 502 3430 rte.
527 3382 601 3431 ‘that
624 3397 728 3432 success
772 3383 819 3446 Ep.
852 3384 885 3432 X.
915 3399 939 3431 n.
958 3382 1041 3432 —in
1075 3383 1273 3434 familiaritate
1378 3425 1379 3444 ,

228 3465 280 3499 was
292 3451 374 3499 easier
386 3450 415 3497 of
425 3449 658 3512 accomplishment
672 3449 727 3513 (lit,
772 3449 926 3499 Caesaris:
959 3449 992 3498 cf.
1021 3451 1050 3498 in
1078 3453 1192 3508 victoria,
1224 3454 1273 3515 Ep.
1378 3465 1379 3510 Τ

228 3518 329 3581 nearer)
338 3517 400 3565 with
411 3517 531 3565 Caesar's
541 3522 650 3579 support
663 3516 727 3564 than
772 3517 926 3565 xcruzn.
956 3516 1275 3578 ThereferenceistoJu-
1378 3527 1379 3576 l

227 3584 288 3632 with
313 3584 371 3632 that
391 3583 420 3631 of
444 3583 488 3630 the
506 3581 616 3630 African
640 3583 728 3648 army!
770 3582 1273 3641 liusCaesarhere,t00ctaviusabove
1378 3595 1379 3610 ¹

227 3650 285 3697 The
308 3650 402 3713 phrase
426 3649 503 3712 quod
527 3683 534 3697 .
559 3683 566 3696 .
592 3683 599 3696 .
623 3647 728 3698 attinet
772 3649 1273 3715 (adCaesarisamorem).—quoad

227 3729 311 3762 seems
329 3730 390 3779 very
408 3714 545 3772 awkward,
563 3713 611 3763 but
633 3716 655 3764 is
673 3731 728 3778 per·
771 3750 778 3763 .
797 3751 804 3764 .
824 3750 831 3765 .
850 3717 945 3780 potui:
965 3719 1075 3766 Plancus
1091 3733 1139 3768 can
1157 3721 1273 3785 scarcely

226 3779 293 3847 haps
305 3787 352 3827 not
371 3780 564 3847 objectiouable
582 3782 685 3851 enough
699 3789 727 3830 to
769 3781 836 3836 have
848 3783 946 3837 known
963 3783 1008 3837 the
1025 3784 1273 3857 nineteen-yearold
