2780 4332
109 353 191 401 Fam.
207 365 245 402 ιο.
261 350 312 418 12.]
455 350 623 401 crcuno’s
648 352 822 418 currens.
1116 350 1165 404 277

111 529 232 583 autem
257 529 336 601 opto
354 527 391 582 ut
411 520 453 582 ab
475 518 550 582 istis
577 517 729 583 Orientis
748 518 899 601 partibus
924 518 1059 583 virtutis
1086 527 1165 583 tuae

112 629 233 693 lumen
259 628 405 705 eluceat.
448 627 542 692 Vale.

421 870 547 935 XCVI.
600 871 704 957 (Fam.
728 872 865 956 10.12.)

481 1045 622 1096 CICERO
641 1045 798 1096 PLANCO.

163 1180 241 1245 Etsi
266 1180 313 1244 rei
337 1201 369 1262 p.
389 1200 490 1244 causa
512 1180 654 1245 maxime
672 1180 818 1263 gaudere
842 1181 949 1245 debeo
972 1189 1104 1246 tantum
1132 1182 1194 1246 eir

115 1300 150 1354 te
175 1289 331 1372 praesidi,
351 1298 483 1352 tantum
505 1289 578 1371 opis
598 1289 753 1352 attulisse
778 1289 936 1353 extremis
956 1293 1062 1372 paene
1083 1299 1163 1354 tem-

114 1398 265 1481 poribus,
307 1406 419 1461 tamen
460 1397 507 1460 ita
545 1406 581 1460 te
619 1396 779 1461 victorem
817 1398 1021 1480 complectar
1060 1419 1096 1462 re
1129 1420 1161 1481 p.

114 1506 304 1588 reciperata
347 1515 384 1568 ut
422 1525 577 1588 magnam
619 1514 748 1587 partem
793 1506 874 1568 mihi
917 1506 1064 1570 laetitiae
1105 1517 1163 1571 tua

114 1614 267 1698 dignitas
300 1615 419 1689 adfert,
458 1634 556 1696 quam
593 1624 626 1677 et
661 1634 736 1678 esse
770 1614 834 1677 iam
866 1623 900 1678 et
924 1614 1072 1679 futuram
1097 1637 1163 1680 am·
1226 1627 1229 1633 '

113 1723 304 1806 piissimam
337 1722 513 1805 intelleg0;
546 1741 627 1786 cave
651 1722 740 1785 enim
766 1732 865 1804 putes
890 1722 973 1787 ullas
1005 1744 1161 1807 umquam

113 1833 247 1895 litteras
271 1831 435 1914 gratiores
461 1851 560 1914 quam
585 1840 662 1895 tuas
687 1831 720 1893 in
746 1840 866 1895 senatu
890 1852 966 1896 esse
993 1833 1160 1909 recitatas,

114 1940 217 2023 idque
234 1939 377 2022 contigit
395 1960 471 2005 cum
490 1939 685 2003 meritorum
702 1948 837 2003 tuorum
854 1941 887 2002 in
906 1961 976 2004 rem
993 1962 1024 2023 p.
1042 1942 1163 2006 eximia

113 2049 258 2132 quadam
285 2047 526 2130 magnitudine,
553 2056 624 2110 tum
650 2048 827 2111 verborum
852 2049 1163 2132 sententiarumque

114 2156 292 2240 gravitate.
343 2155 443 2240 Quod
467 2156 549 2219 mihi
573 2154 707 2239 quidem
733 2156 870 2220 minime
894 2177 1027 2233 novum,
1046 2158 1103 2242 qui
1127 2168 1162 2223 et

115 2323 286 2380 quarters.—-
295 2316 332 2364 ab
344 2314 410 2363 istIs
423 2349 430 2362 .
444 2349 451 2362 .
465 2349 472 2362 .
485 2314 615 2364 eluceat:
663 2313 721 2362 The
738 2314 815 2362 letter
834 2313 925 2364 before
943 2330 973 2364 us
990 2331 1043 2365 was
1060 2317 1162 2366 written

116 2381 226 2431 Cassius
238 2381 260 2430 is
272 2379 413 2444 compared
430 2387 459 2429 to
472 2381 575 2430 theson
589 2381 615 2429 in
664 2395 734 2443 upon
747 2380 792 2429 the
801 2381 893 2430 arrival
907 2381 936 2430 of
947 2381 1000 2432 this
1012 2382 1162 2442 document,

117 2448 162 2498 the
183 2455 254 2508 east,
278 2448 311 2496 ct.
332 2449 448 2512 Philipp.
471 2461 508 2497 ιο.
534 2460 563 2495 12
587 2454 618 2495 ut
662 2447 714 2496 and
732 2447 759 2495 in
777 2463 901 2510 response
919 2456 947 2497 to
966 2463 982 2497 a
999 2450 1077 2498 letter
1093 2450 1162 2499 from

115 2531 274 2579 quocumque
300 2516 410 2564 venisset
437 2515 539 2563 Brutus
566 2515 615 2562 lux
663 2513 776 2562 Plancus
799 2516 882 2578 (lam.
904 2529 941 2563 10.
959 2517 995 2578 7),
1013 2517 1163 2581 requesting

116 2584 215 2631 venisse
245 2583 369 2645 quaedam
390 2617 396 2629 .
416 2617 421 2629 .
441 2617 446 2628 .
464 2582 596 2630 vitiaretur
603 2597 614 2638 ;
662 2580 777 2630 Cicero's
797 2582 940 2632 assistance
958 2583 984 2630 in
1007 2584 1127 2646 securing
1146 2600 1163 2633 a

118 2649 186 2698 Hor.
209 2650 264 2697 Sat.
290 2661 312 2696 1.
333 2661 357 2710 7.
381 2662 412 2710 24
435 2649 511 2696 solem
536 2649 615 2696 Arias
661 2648 876 2714 complimentary
900 2649 991 2698 decree
1018 2650 1087 2699 from
1117 2651 1162 2700 the

117 2717 234 2764 Brutum
255 2716 374 2778 appellat,
396 2715 529 2779 stellasque
548 2715 615 2763 salu·
661 2723 760 2763 senate.

115 2783 170 2830 bris
180 2783 295 2845 appellat
308 2784 414 2831 comites.
698 2795 719 2828 1.
737 2789 850 2831 tanturn
870 2816 877 2830 .
896 2817 903 2831 .
922 2817 929 2831 .
949 2783 1096 2846 praesidi:
1135 2785 1162 2833 ln

151 2849 253 2898 XCVI.
278 2849 615 2914 Rome,Aprilrr‚43s.c.
663 2863 789 2911 response
812 2855 840 2896 to
864 2850 936 2898 Fam.
965 2863 1002 2898 ro.
1020 2865 1043 2911 7.
1063 2865 1076 2898 2
1095 2853 1165 2915 quad

117 2917 147 2964 L.
168 2916 304 2965 Munatius
329 2916 513 2965 Plancus·was
532 2916 559 2964 in
583 2929 616 2977 44
662 2922 742 2978 spero,
754 2918 779 2964 si
789 2931 829 2963 me
832 2916 946 2979 fortuna
964 2933 1016 2965 nan
1025 2918 1161 2982 fefellerit,

118 2995 167 3032 nc.
192 2981 270 3031 made
292 2997 423 3046 governor
445 2983 475 3031 of
491 2983 616 3032 northern
663 2987 1163 3047 meconsecuturum,utmaximoprae·

116 3049 192 3108 Gaul,
206 3048 268 3098 with
280 3064 314 3098 an
326 3064 399 3115 army
411 3049 440 3098 of
451 3049 512 3099 four
523 3065 554 3098 or
565 3050 616 3099 five
663 3051 729 3098 sidio
740 3050 903 3112 reipublicae
915 3051 1049 3114 nossuiise
1058 3058 1082 3100 et
1092 3068 1163 3101 nunc

113 3116 225 3180 legions.
261 3116 441 3181 Immediately
453 3116 520 3166 alter
535 3118 618 3166 Anto-
663 3117 777 3164 sentiant
798 3117 913 3165 hormines
935 3124 960 3166 et
980 3120 1008 3165 in
1031 3125 1160 3181 posterum

114 3182 271 3249 ny’sattack
290 3198 360 3246 upon
378 3183 472 3232 Cicero
489 3184 516 3232 in
536 3184 616 3248 Sept,
663 3185 787 3231 memoria
815 3184 1013 3233 teneant—ita
1036 3193 1064 3234 te
1089 3221 1096 3234 .
1122 3221 1129 3234 .
1154 3221 1162 3234 .

113 3264 146 3311 44
166 3262 225 3307 rae,
247 3249 291 3299 the
312 3250 375 3312 long
392 3250 616 3313 correspondence
663 3250 841 3314 complectar
939 3259 971 3300 ut
1055 3252 1163 3301 adfer-tr

115 3318 200 3380 (Fam.
217 3330 255 3364 10.
270 3330 340 3377 1-24‚
354 3317 490 3380 excepting
508 3318 552 3366 the
569 3317 614 3367 8th
663 3317 695 3379 cf.
708 3319 744 3365 ita
761 3325 784 3366 te
796 3353 802 3364 .
815 3353 821 3364 .
834 3353 840 3364 .
853 3318 952 3367 videam
969 3325 1054 3367 ut...
1066 3319 1161 3383 fecisti,

112 3384 200 3444 letter)
220 3383 337 3432 between
359 3383 452 3432 Cicero
470 3383 522 3432 and
543 3385 616 3433 Plan·
664 3385 711 3446 Ep.
726 3385 843 3433 XXVII.
858 3398 880 3432 r.
915 3385 947 3432 ln
963 3399 979 3433 a
995 3385 1092 3434 similar
1107 3401 1164 3451 way

113 3465 160 3499 cus
168 3450 269 3513 begins,
279 3450 303 3498 in
314 3448 397 3499 which
408 3450 501 3500 Cicero
509 3451 616 3500 exhorts
662 3450 731 3499 after
753 3453 860 3508 moriar,
879 3457 992 3513 peream,
1017 3468 1048 3500 ne
1075 3455 1161 3501 vivam

116 3517 229 3566 Plancus
253 3524 281 3564 to
305 3517 402 3565 remain
428 3524 484 3566 true
513 3525 541 3566 to
571 3519 616 3567 the
663 3518 708 3565 the
725 3517 813 3566 clause
831 3517 861 3567 of
875 3518 1009 3568 condition
1028 3519 1119 3569 stands
1137 3520 1163 3568 ln

113 3599 193 3634 cause
206 3582 236 3630 ol
253 3583 298 3632 the
318 3591 415 3632 senate.
452 3583 503 3633 His
524 3584 615 3634 efforts
663 3584 707 3632 the
719 3584 865 3634 indicative.
893 3585 1159 3651 cr.Au.16.13n.1

112 3649 220 3700 seemed
232 3657 260 3698 to
269 3650 337 3699 have
345 3650 537 3714 accomplished
550 3651 617 3700 their
663 3653 758 3700 nerim
783 3652 878 3708 salvus,
904 3654 928 3699 si
946 3654 1023 3701 aliter
1038 3655 1118 3702 scribo
1133 3671 1164 3703 ac

112 3731 236 3781 purpose,
256 3731 286 3766 as
308 3718 353 3766 the
372 3726 462 3766 senate
485 3717 539 3766 had
561 3717 616 3781 just
662 3719 741 3766 sentio
754 3717 882 3782 (Bdckel).
895 3727 1004 3768 —tuas
1017 3755 1024 3768 .
1038 3754 1045 3768 .
1059 3755 1066 3768 .
1079 3721 1109 3770 in
1121 3735 1164 3770 se-

114 3783 234 3834 received
263 3799 281 3832 a
307 3784 385 3834 letter
408 3784 478 3834 from
503 3785 616 3834 Plancus
662 3791 734 3834 natu
747 3819 754 3832 .
768 3818 775 3833 .
789 3819 797 3833 .
810 3784 962 3834 recitatas:
979 3788 1017 3834 ie.
1036 3788 1109 3835 Fam.
1125 3801 1162 3836 ιο.

115 3851 201 3916 (Fam.
217 3863 253 3898 ro.
265 3849 302 3916 8),
314 3851 433 3916 erowing
450 3851 492 3900 his
509 3850 617 3918 fidelity.
662 3850 693 3911 8;
721 3849 755 3899 cf.
783 3850 879 3900 introd.
908 3854 1162 3917 note—quadem,
