2800 4324
211 282 260 336 126
550 286 717 338 CICERO'S
742 287 916 336 LETTERS.
1053 286 1114 352 [Ep.
1127 287 1257 356 xxxlv.

210 463 310 536 atque
330 453 458 518 nuntiis
481 475 620 536 magnas
646 455 843 519 Parthorum
863 454 975 536 copias
992 463 1026 518 et
1043 454 1195 524 Arabum
1215 456 1256 517 ad

210 561 368 644 oppidum
401 562 625 626 Antiocheam
661 562 846 626 accessisse
880 582 1107 646 magnumque
1142 575 1256 626 eorum

211 669 407 751 equitatum,
427 669 484 754 qui
506 670 540 733 in
562 669 713 734 Ciliciam
736 671 922 746 transisset,
942 671 983 734 ab
1000 671 1151 754 equitum
1171 690 1257 732 meo-

211 800 283 842 rum
296 779 416 842 turmis
430 788 462 842 et
477 779 646 843 acohorte
661 779 835 861 praetoria,
850 799 936 862 quae
949 791 1020 842 erat
1038 779 1257 860 Epiphaneae

211 887 354 969 praesidi
367 908 478 962 causa,
493 887 665 952 occidione
682 887 840 951 occisum.
883 887 1006 970 Quare,
1021 907 1096 950 cum
1109 886 1256 950 viderem

211 1013 229 1057 a
254 995 464 1078 Cappadocia
490 997 685 1059 Parthorum
719 995 831 1078 copias
859 1014 993 1059 aversas
1022 1014 1090 1058 non
1114 994 1215 1077 longe
1239 1015 1258 1058 a

213 1101 335 1163 finibus
364 1121 438 1164 esse
468 1099 614 1174 Ciliciae,
642 1121 741 1183 quam
771 1101 866 1183 potui
898 1101 1050 1164 maximis
1080 1101 1255 1164 itineribus

213 1208 253 1270 ad
284 1208 453 1272 Amanum
483 1209 664 1272 exercitum
693 1210 782 1274 duxi.
837 1208 914 1291 Quo
942 1218 979 1272 ut
1007 1209 1094 1283 veni,
1122 1209 1255 1272 hostem

213 1318 255 1380 ab
290 1317 483 1380 Antiochea
519 1317 708 1392 recessisse,
744 1317 899 1379 Bibulum
937 1316 1148 1381 Antiocheae
1183 1337 1257 1380 esse

214 1425 365 1507 cognovi.
416 1425 611 1493 Deiotarum
635 1425 813 1488 confestim
837 1425 901 1488 iam
924 1426 965 1487 ad
988 1445 1041 1487 me
1063 1426 1255 1489 venientem

214 1555 289 1598 cum
307 1553 428 1615 magno
446 1542 479 1595 et
496 1533 592 1595 firmo
609 1533 760 1616 equitatu
778 1542 810 1595 et
828 1532 980 1614 peditatu
1003 1542 1042 1596 et.
1060 1523 1257 1598 cumomni·

213 1641 276 1704 bus
289 1640 358 1704 suis
373 1640 477 1722 copiis
491 1639 668 1703 certiorem
680 1639 747 1703 feci
763 1660 830 1702 non
843 1639 948 1703 videri
961 1660 1036 1703 esse
1049 1661 1182 1706 causam
1197 1663 1256 1706 cur
1308 1645 1312 1650 '
1383 1651 1384 1669 ¹

215 1747 348 1810 abesset
366 1766 385 1809 a
401 1745 514 1827 regno,
534 1763 654 1827 meque
671 1745 712 1808 ad
729 1765 815 1819 eum,
835 1744 863 1807 si
880 1745 959 1827 quid
977 1743 1055 1807 novi
1071 1744 1160 1808 forte
1176 1744 1259 1808 acci-

181 1866 196 1914 8
215 1855 329 1928 disset,
345 1854 459 1918 statim
473 1853 602 1916 litteras
617 1853 821 1935 nuntiosque
838 1853 1020 1917 missurum
1034 1872 1117 1916 esse.
1161 1851 1259 1916 Cum-

215 1982 280 2044 que
308 1945 347 2025 eo
375 1962 487 2025 animo
516 1962 682 2024 venissem
709 1971 745 2024 ut
770 1961 904 2044 utrique
931 1960 1131 2043 provinciae,
1159 1960 1188 2024 si
1212 1961 1259 2025 ita

209 2080 348 2152 ,tempus
364 2071 478 2145 ferret,
496 2051 719 2145 subvenirem,
735 2079 807 2132 tum
824 2070 856 2134 id
873 2071 961 2153 quod
979 2070 1043 2133 iarn
1060 2079 1139 2134 ante
1156 2079 1259 2134 statu-

216 2199 305 2242 eram
318 2180 535 2242 vehementer
552 2179 716 2242 interesse
734 2179 907 2263 utriusque
925 2179 1125 2262 provinciae,
1140 2198 1258 2261 pacare

248 2394 271 2443 7.
282 2381 429 2431 occidione
439 2382 580 2430 occisum:
593 2381 637 2429 the
642 2380 711 2444 figu-

216 2465 245 2495 ra
268 2450 435 2511 etymologica,
458 2450 495 2496 i.e.
520 2448 565 2496 the
591 2447 710 2510 bringing

216 2515 335 2577 together
356 2515 385 2562 of
405 2523 455 2562 two
473 2513 558 2562 words
578 2513 647 2562 from
666 2513 710 2562 the

215 2597 286 2630 same
296 2590 373 2640 stem,
387 2581 468 2629 which
482 2596 525 2629 are
542 2580 639 2645 closely
651 2595 710 2628 con·

216 2648 309 2697 nected
337 2648 455 2713 logically
484 2646 536 2695 and
564 2647 710 2710 grammati·

215 2716 288 2781 cally,
301 2730 352 2763 was
364 2730 380 2763 a
391 2715 502 2762 favorite
514 2714 603 2763 device
616 2715 643 2762 in
661 2714 711 2762 col-

215 2783 313 2846 loquial
326 2782 410 2829 Latin.
440 2780 481 2829 cf.
491 2796 534 2844 eg.
544 2781 613 2828 from
627 2781 709 2829 Plaut.

216 2850 324 2897 Pseud:
342 2849 432 2896 νἠιὶεινε
443 2850 527 2905 miser,
543 2861 584 2912 13;
601 2849 662 2895 iudo
673 2849 710 2895 lu-

215 2918 279 2973 dere,
290 2930 331 2975 243
349 2916 444 2963 cursim
457 2931 567 2972 currere,
580 2928 595 2978 3
598 2914 639 2979 583
657 2929 711 2963 eou-

215 2983 333 3031 dimeutis
350 2983 459 3038 condire,
472 2979 529 3029 820.
565 2981 621 3029 The
639 2996 710 3029 same

215 3049 296 3111 figure
314 3049 335 3097 is
353 3062 474 3095 common
492 3047 518 3095 in
537 3047 582 3096 the
601 3049 710 3105 Letters,

215 3131 259 3178 eg.
268 3117 358 3163 solacio
369 3115 537 3171 consolamur,
549 3116 602 3163 Aet.
615 3129 637 3174 4.
650 3113 673 3163 6.
686 3128 709 3172 13

214 3183 296 3247 fiacile
304 3181 396 3246 facies,
414 3182 486 3228 Fam.
500 3195 522 3244 3.
536 3195 559 3243 9.
581 3195 603 3240 13
624 3182 712 3230 amavi

215 3265 325 3298 amorem
335 3255 415 3304 tuum,
423 3248 469 3310 Ep.
480 3248 552 3295 LXI.
563 3261 587 3307 13
601 3255 708 3296 utsuum

211 3317 335 3379 gaudium
349 3316 526 3377 gauderemus,
541 3315 620 3370 Cael,
638 3315 709 3362 Fam.

214 3383 237 3430 8.
254 3396 311 3430 2.1.
348 3382 397 3430 See
415 3383 471 3430 also
488 3383 572 3443 coprus
589 3382 711 3428 occidione

214 3450 336 3506 occiderit,
355 3449 425 3496 Pkil.
443 3463 479 3508 14.
497 3447 641 3511 36.—quo
660 3482 709 3495 ...

214 3515 390 3564 recessisse:
414 3515 459 3563 the
484 3514 568 3562 writer
595 3513 710 3579 skilfully

214 3598 326 3648 conveys
348 3581 392 3629 the
415 3581 568 3643 impression
590 3580 645 3628 that
665 3580 709 3628 the

214 3656 309 3698 retreat
328 3648 356 3696 of
375 3648 419 3696 the
440 3647 576 3695 Parthians
594 3662 646 3694 was
665 3646 709 3694 the

215 3716 294 3764 result
307 3715 335 3762 of
347 3714 387 3762 his
400 3729 457 3762 own
471 3713 565 3762 action.
601 3712 643 3761 Ci.
652 3713 708 3761 also

214 3782 258 3832 the
277 3782 333 3830 first
350 3788 408 3844 part
427 3779 456 3828 of
473 3779 524 3830 this
542 3779 648 3828 section.
684 3781 708 3827 A

761 2381 864 2444 perusal
880 2381 910 2429 of
926 2381 971 2431 the
987 2381 1071 2438 letter,
1083 2380 1186 2438 indeed,
1198 2380 1257 2430 faiis

762 2455 790 2495 to
811 2448 895 2497 reveal
917 2447 961 2497 the
983 2449 1037 2497 fact
1061 2448 1118 2497 that
1138 2463 1189 2513 any
1207 2463 1256 2496 one

762 2515 814 2563 else
824 2515 886 2562 than
897 2514 989 2563 Cicero
998 2530 1050 2564 was
1060 2515 1148 2578 acting
1156 2514 1256 2577 against

762 2581 805 2629 the
819 2581 962 2630 Parthians.
988 2582 1018 2629 ln
1028 2581 1118 2646 reality
1127 2581 1171 2630 the
1181 2596 1257 2630 scene

762 2647 791 2695 oi
813 2649 857 2696 the
880 2649 995 2711 struggle
1013 2648 1055 2713 lay
1073 2648 1181 2713 entirely
1202 2656 1257 2696 out·

761 2714 817 2763 side
841 2714 869 2762 of
892 2714 1007 2763 Cicero's
1027 2715 1158 2778 province.
1200 2715 1256 2763 The

763 2781 906 2838 Parthians,
920 2780 1092 2830 emboldened
1109 2780 1200 2846 hythe
1217 2779 1258 2828 de-

761 2847 814 2896 feat
827 2849 856 2896 of
868 2848 987 2905 Crassus,
1002 2847 1086 2911 began
1100 2847 1154 2911 just
1167 2847 1257 2896 before

762 2914 813 2962 this
829 2915 890 2963 time
905 2923 933 2963 to
950 2915 1068 2964 threaten
1085 2914 1165 2979 Syria.
1201 2914 1257 2963 The

761 2989 933 3045 proquaestor
958 2982 988 3030 C.
1013 2981 1120 3032 Cassius
1143 2980 1258 3030 ehecked

762 3048 829 3096 their
847 3047 963 3097 advance
981 3063 1052 3111 upon
1073 3047 1198 3105 Antioch,
1218 3046 1258 3096 de-

761 3114 849 3162 feated
870 3116 941 3163 them
958 3114 984 3162 in
1006 3129 1022 3163 a
1042 3114 1149 3178 pitched
1167 3114 1258 3171 battle,

761 3180 812 3229 and
824 3181 913 3230 forced
931 3181 1002 3230 them
1021 3189 1048 3230 to
1065 3188 1160 3230 retreat
1171 3181 1197 3229 in
1211 3181 1259 3230 dis·

762 3247 846 3296 order.
891 3249 921 3296 ln
939 3263 955 3296 a
972 3248 1070 3296 similar
1087 3247 1145 3297 vein
1165 3247 1257 3296 Cicero

761 3315 846 3362 writes
857 3322 884 3363 to
896 3315 1010 3364 Atticus:
1023 3331 1127 3363 rumore
1135 3316 1258 3363 adventus

762 3383 844 3429 nostri
854 3388 878 3429 et
890 3383 981 3438 Cassio,
992 3383 1039 3444 qui
1050 3381 1187 3430 Antiochia
1196 3387 1258 3428 teue-

761 3449 844 3505 batur,
864 3449 968 3496 animus
990 3449 1091 3497 accessit
1106 3454 1131 3495 et
1153 3448 1258 3495 Parthis

761 3515 839 3562 timor
848 3517 953 3563 iniectus
963 3521 1006 3563 est.
1033 3515 1124 3578 Itaque
1130 3530 1169 3562 eos
1177 3515 1258 3562 ceden-

760 3587 795 3628 tes
806 3581 837 3628 ai
848 3583 936 3643 oppido
950 3583 1053 3629 Cassius
1065 3583 1193 3630 e'usecutus
1206 3597 1257 3629 rem

761 3647 819 3694 berre
832 3649 916 3710 gessit,
934 3649 987 3696 Att.
1008 3659 1028 3711 5.
1043 3660 1081 3695 20.
1095 3660 1117 3710 3.
1126 3675 1159 3682 -
1168 3647 1257 3696 Bibu-

760 3713 831 3762 lum:
846 3713 959 3769 Bibulus,
968 3712 1026 3760 who
1034 3712 1087 3761 had
1094 3712 1160 3761 been
1168 3713 1257 3762 consul

759 3780 785 3827 in
801 3793 830 3846 59
844 3791 902 3837 ae,
912 3794 963 3828 was
975 3780 1115 3842 proconsul
1125 3779 1154 3826 oi
1166 3779 1248 3843 Syria.
