2814 4328
143 309 253 368 naua.
268 305 302 372 5.]
488 304 656 354 crcnno’s
680 303 856 354 curuans.
1140 305 1191 359 aar

143 495 181 538 ac
199 474 440 557 cogitationem
457 481 549 536 tuam
565 492 667 536 avoca
679 480 780 554 atque
793 491 832 535 ea
848 472 960 554 potius
977 472 1190 538 reminiscere

142 604 229 666 quae
255 582 357 665 digna
380 591 439 645 tua
463 601 606 663 persona
630 591 729 644 sunt:
753 579 842 643 illam
868 582 1028 663 quamdiu
1050 582 1082 646 ei
1105 603 1190 666 opus

142 692 243 754 fuerit
274 691 405 766 vixisse,
432 710 600 753 unacum
629 708 664 752 re
693 688 825 771 publica
852 688 969 765 fuisse,
994 698 1029 754 te
1061 701 1188 773 patrem

142 820 240 863 suum
267 809 457 882 praetorem
482 797 656 862 consulem
672 817 833 879 augurem
850 797 980 874 vidisse,
998 799 1190 864 adulescen-

141 910 233 972 tibus
259 908 423 990 primariis
452 915 590 988 nuptam
620 906 735 981 fuisse,
767 905 923 970 omnibus
955 908 1051 972 bonis
1087 929 1191 992 prope

141 1016 356 1099 perfunctam
381 1035 482 1093 esse;
508 1035 584 1079 cum
608 1034 663 1078 res
686 1014 819 1096 publica
843 1015 1019 1092 occideret,
1045 1016 1114 1080 vita
1138 1037 1190 1081 ex-

141 1126 297 1190 cessisse.
348 1123 438 1207 Quid
463 1133 514 1187 est
531 1123 620 1206 quod
645 1132 682 1186 tu
706 1132 763 1186 aut
789 1123 943 1188 iliacum
968 1125 1103 1190 fortuna
1127 1126 1190 1189 hoc

140 1234 280 1298 nomine
297 1231 391 1316 queri
408 1231 569 1315 possitis?
618 1231 773 1313 Denique
790 1232 857 1294 noli
874 1241 908 1296 te
925 1232 1076 1297 oblivisci
1099 1233 1190 1298 Cice-

141 1363 260 1405 ronem
290 1361 364 1405 esse
391 1350 424 1404 et
450 1361 526 1404 eum
550 1340 608 1423 qui
634 1339 708 1404 aliis
736 1340 908 1404 consueris
936 1342 1127 1424 praecipere
1156 1353 1189 1407 et

64 1455 68 1458 ’
140 1453 222 1515 dare
242 1450 438 1526 consilium,
469 1469 578 1531 neque
609 1448 731 1512 imitari
761 1448 866 1512 malos
894 1445 1041 1514 medicos
1071 1451 1128 1534 qui
1156 1452 1189 1514 in

140 1559 261 1623 alienis
289 1558 413 1622 morbis
442 1557 644 1640 profitentur
671 1566 788 1621 tenere
814 1544 850 1620 se
876 1558 1060 1622 medicinae
1085 1560 1190 1624 scien-

142 1669 234 1742 tiam,
253 1667 318 1750 ipsi
334 1686 371 1730 se
388 1686 504 1730 curare
521 1686 588 1728 non
612 1675 765 1748 possunt,
785 1667 843 1729 sed
867 1666 989 1748 potius,
1008 1688 1092 1750 quae
1116 1668 1189 1733 aliis

142 1786 217 1841 tute
246 1775 438 1858 praecipere
463 1774 561 1850 soles,
589 1794 628 1838 ea
651 1783 725 1838 tute
750 1774 811 1838 tibi
836 1774 951 1839 subice
975 1785 1077 1859 atque
1101 1779 1189 1859 apud

141 1885 291 1948 animum
311 1903 467 1966 propone.
519 1881 641 1946 Nullus
658 1882 752 1946 dolor
776 1892 827 1946 est
844 1904 944 1966 quem
969 1904 1037 1947 non
1061 1883 1224 1968 longino

142 1993 253 2078 quitas
269 1992 431 2076 temporis
450 1990 576 2054 minuat
594 2011 632 2055 ac
648 1990 786 2056 molliat.
837 1991 913 2056 Hoc
937 2001 972 2055 te
996 2004 1190 2076 exspectare

142 2111 277 2185 tempus
303 2100 364 2164 tibi
390 2109 489 2182 turpe
510 2109 562 2163 est
588 2120 627 2163 ac
654 2110 721 2163 no'n
750 2099 780 2162 ei
807 2100 855 2162 rei
882 2101 1045 2184 sapientia
1071 2112 1189 2166 tuate

142 2230 328 2275 occurrere.
379 2208 479 2292 Quod
504 2206 533 2272 si
556 2208 614 2291 qui
639 2208 739 2271 etiam
765 2208 880 2272 inferis
905 2229 1025 2273 sensus
1050 2220 1111 2286 est,
1134 2212 1190 2293 qui

142 2318 231 2382 illius
248 2319 282 2380 in
300 2327 334 2380 te
350 2337 443 2381 amor
459 2316 523 2380 fuit
541 2316 717 2399 pietasque
735 2316 768 2379 in
785 2317 893 2381 omnis
910 2338 998 2393 suoS,
1017 2317 1081 2383 hoc
1097 2330 1189 2383 certe

142 2427 197 2491 illa
214 2437 249 2490 te
266 2427 378 2490 facere
394 2446 462 2489 non
479 2424 560 2489 vult.
611 2425 664 2488 Da
681 2425 744 2489 hoc
761 2425 808 2489 illi
827 2437 988 2502 mortuae,
1007 2428 1048 2491 da
1067 2429 1188 2492 ceteris

142 2535 258 2600 amicis
290 2555 329 2599 ac
367 2533 585 2598 familiaribus
617 2533 674 2616 qui
707 2542 765 2597 tuo
801 2535 915 2598 dolore
953 2546 1114 2612 maerent,
1148 2539 1189 2600 da

141 2643 278 2727 patriae,
297 2652 344 2718 ut,
364 2643 392 2706 si
407 2663 473 2726 qua
493 2643 527 2706 in
551 2662 586 2705 re
604 2662 686 2725 opus
711 2642 764 2718 sit,
783 2662 884 2725 opera
908 2653 942 2706 et
967 2644 1103 2708 consilio
1129 2655 1188 2709 tuo
1237 2637 1240 2640 ’

142 2753 193 2817 uti
225 2751 341 2833 possit.
402 2751 566 2834 Denique,
593 2750 749 2834 quoniam
778 2751 812 2814 in
841 2771 914 2815 eam
940 2752 1109 2816 fortunam
1135 2754 1188 2817 de-

141 2861 295 2925 venimus
320 2870 356 2923 ut
382 2859 483 2923 etiam
508 2859 585 2924 huic
610 2859 658 2923 rei
683 2860 779 2923 nobis
804 2860 1016 2924 serviendum
1041 2861 1095 2936 sit,
1120 2862 1187 2925 noli

691 3015 747 3064 pus
777 3000 829 3051 tibi
856 3008 957 3064 turpe:
986 3003 1189 3052 alliterative.-

690 3069 885 3117 hoc...est:
905 3069 950 3117 the
963 3083 1008 3117 use
1021 3069 1050 3117 of
1066 3070 1118 3119 tibi
1136 3070 1188 3118 and

691 3143 720 3184 te
744 3135 771 3182 in
789 3134 834 3183 the
851 3149 924 3183 same
944 3135 1032 3184 clause
1048 3136 1071 3184 is
1090 3138 1188 3186 unclas-

179 3015 199 3067 5.
218 3015 359 3066 persona:
389 3000 421 3049 cf.
446 3008 565 3063 persona,
590 3001 638 3064 Ep.

143 3069 226 3118 LXV.
239 3067 573 3118 ron-adulescentibus
581 3068 639 3131 pri-

142 3135 256 3185 mariis:
269 3135 300 3184 cf.
308 3137 464 3185 adulescente
470 3137 608 3197 primario,
617 3149 638 3198 3.

140 3203 349 3266 —praecipere
360 3210 389 3250 et
396 3202 464 3251 dare
475 3202 639 3251 consilium:

140 3269 173 3319 cf.
178 3272 297 3334 graus'ter
303 3270 455 3332 molesteque,
464 3282 623 3333 1.—neque
633 3286 639 3316 ι

140 3337 186 3386 the
198 3337 319 3400 negative
330 3336 390 3384 idea
401 3335 430 3383 of
444 3335 488 3383 the
500 3335 640 3399 preceding

139 3403 200 3454 noli
218 3403 267 3452 has
290 3402 385 3451 turned
404 3402 448 3451 the
469 3402 639 3465 conjunction

139 3469 358 3533 intoanegative;
369 3469 401 3517 cf.
412 3469 477 3518 Hor.
486 3470 531 3518 Od.
540 3483 561 3517 2.
570 3483 607 3518 12.
616 3483 638 3518 2.

139 3537 279 3586 -malos
312 3536 451 3596 medicos,
482 3544 543 3585 tute
572 3536 638 3586 tibi:

140 3605 173 3654 cf.
201 3605 263 3653 Intr.
294 3618 335 3667 93.
383 3603 488 3652 Servius
512 3618 571 3652 uses
594 3604 639 3651 the

139 3670 328 3734 strengthened
350 3669 433 3718 forms
451 3676 503 3718 tute
520 3669 571 3717 and
588 3685 639 3732 ego

139 3745 198 3796 met,
211 3753 235 3798 4.

173 3806 197 3854 6.
216 3803 328 3854 minuat
357 3816 391 3852 ac
417 3803 536 3862 molliat,
564 3810 639 3852 tem·

690 3202 761 3250 sical.
800 3201 831 3249 In
855 3200 903 3251 his-
920 3217 966 3250 use
990 3201 1021 3250 of
1048 3202 1093 3251 the
1115 3219 1187 3252 same

690 3269 794 3333 phrase,
808 3270 882 3317 Fam.
891 3282 914 3329 4.
931 3268 954 3317 6.
969 3282 990 3326 1,
1004 3269 1097 3318 Cicero
1109 3271 1187 3320 omits

690 3335 735 3384 the
747 3335 841 3384 dative.
849 3363 883 3371 -
891 3335 931 3384 illi
944 3343 1094 3385 mortuae:
1112 3352 1128 3385 a
1137 3337 1188 3386 fair

689 3401 808 3452 instance
820 3401 850 3450 of
864 3402 908 3451 the
922 3418 967 3450 use
980 3403 1009 3450 of
1026 3403 1070 3450 the
1083 3403 1186 3452 demon-

689 3469 796 3518 strative
806 3485 835 3518 as
844 3469 992 3533 equivalent
1002 3477 1030 3518 to
1043 3469 1087 3518 the
1100 3470 1185 3519 Greek

690 3536 786 3584 article.
821 3535 863 3584 Cf.
881 3537 907 3584 T
902 3552 952 3584 use.
963 3537 1038 3598 De'sp.
1049 3549 1069 3601 5.
1079 3535 1111 3597 78
1124 3553 1188 3600 quae

690 3609 727 3651 est
739 3604 841 3659 victure,
854 3619 882 3651 ea
899 3604 964 3651 laeta
977 3605 1187 3668 prosequentibus

690 3670 744 3717 suis
756 3685 808 3718 una
820 3686 877 3718 cum
890 3670 946 3717 viro
957 3671 986 3717 in
1002 3686 1091 3732 rogum
1111 3672 1187 3732 impo-

691 3738 771 3793 nitur,
795 3737 843 3784 illa
866 3737 932 3785 victa
961 3742 1055 3785 maesta
1084 3738 1188 3786 descedit

692 3802 1015 3866 (Watson).-denique,
1025 3811 1088 3852 etc:
1101 3802 1186 3852 added
