2814 4328
144 305 324 373 Fam.8.15.]
494 305 663 355 CICERO’S
687 306 862 355 LETTERS.
1149 305 1197 360 167

143 475 234 538 hanc
259 493 368 536 meam
393 471 544 556 gloriam,
570 493 655 556 quae
679 473 720 537 ad
744 494 798 537 me
823 473 906 537 nihil
929 474 1086 557 pertinet,
1113 477 1196 540 deri·

142 584 243 660 deas3
267 601 353 665 quae
369 581 431 645 tibi
447 601 613 663 exponere
630 581 696 645 nisi
714 602 824 646 coram
842 602 909 646 non
933 603 1078 665 possum,
1097 585 1195 667 idque

144 691 303 756 celeriter
318 690 392 753 fore
409 710 523 773 spero;
549 710 626 753 nam
643 710 707 765 me,
725 711 801 755 cum
823 689 1007 774 expulisset
1032 712 1072 754 ex
1098 693 1195 757 Italia

144 799 352 882 Pompeium,
379 797 554 861 constituit
579 797 620 861 ad
645 799 761 861 urbem
786 818 929 876 vocare;
959 798 991 862 id
1017 801 1104 883 quod
1129 801 1194 864 iam

144 907 303 971 existimo
329 906 531 982 confectum,
550 905 616 969 nisi
640 905 669 969 si
693 906 810 969 maluit
836 907 1012 990 Pompeius
1038 908 1195 972 Brundisi

144 1014 393 1080 circumsederi.
445 1014 581 1077 Peream
599 1014 628 1077 si
644 1014 782 1077 minima
799 1035 899 1078 causa
919 1025 970 1078 est
994 1017 1195 1098 properandi
1213 1039 1226 1074 2

142 1124 212 1188 isto
227 1122 320 1199 mihi,
341 1124 429 1206 quod
445 1132 481 1186 te
497 1123 610 1186 videre
628 1131 661 1186 et
681 1122 794 1186 omnia
817 1123 936 1186 intima
960 1124 1113 1189 conferre
1130 1126 1193 1189 dis-

143 1232 259 1314 cupio;
284 1231 391 1294 habeo
415 1240 528 1294 autem
553 1251 652 1313 quam
676 1231 790 1295 multa.
857 1231 927 1294 Hui
951 1252 1076 1308 vereor,
1104 1235 1193 1316 quod

143 1341 232 1405 solet
257 1339 338 1415 fieri,
365 1359 417 1415 ne,
444 1360 519 1404 curn
543 1348 578 1402 te
602 1338 726 1414 videre,
753 1339 865 1403 omnia
888 1340 1073 1405 obliviscar.
1125 1342 1192 1406 Sed

143 1459 258 1512 tamen
284 1448 372 1530 quod
396 1448 440 1511 ob
465 1447 573 1512 scelus
590 1447 655 1510 iter
678 1446 761 1509 mihi
786 1448 1012 1511 necessarium
1038 1459 1127 1513 retro
1151 1452 1192 1514 ad

143 1556 245 1639 Alpis
270 1576 387 1619 versus
412 1555 554 1620 incidit?
610 1555 719 1631 Adeo,
745 1556 833 1638 quod
860 1556 1008 1620 Intimeli
1033 1557 1191 1622 inarmis

143 1674 235 1741 sunt,
253 1685 362 1748 neque
379 1665 421 1728 de
441 1685 562 1746 magna
587 1685 696 1728 causa.
746 1664 926 1740 Bellienus,
944 1685 1047 1729 verna
1071 1667 1192 1730 Deme-

143 1773 199 1849 tri,
225 1773 281 1857 qui
310 1772 356 1836 ibi
385 1793 461 1837 cum
490 1771 656 1854 praesidio
689 1781 769 1847 erat,
797 1773 984 1836 Domitium
1013 1775 1189 1857 quendam,

142 1881 292 1945 nobilem
326 1880 382 1957 illi,
410 1880 563 1944 Caesaris
595 1880 773 1963 hospitem,
799 1901 819 1944 a
847 1881 1012 1945 contraria
1043 1882 1191 1948 factione

142 2080 193 2122 not
205 2072 289 2122 excite
300 2072 413 2136 surprise
425 2072 451 2120 in
464 2087 494 2121 so
504 2071 643 2136 colloquial
695 2072 779 2129 Latin,
793 2072 844 2121 and
862 2088 905 2122 are
917 2073 1016 2122 similar
1026 2075 1053 2122 in
1069 2075 1191 2139 meaning

142 2156 160 2190 a
172 2139 250 2188 letter
261 2157 267 2198 ;
291 2139 324 2188 ci.
341 2155 418 2203 quam
440 2154 567 2197 conversa,
586 2146 642 2198 etc,
694 2146 723 2187 to
736 2139 811 2188 those
823 2140 1007 2203 compounded
1016 2140 1078 2189 with
1085 2150 1135 2203 per
1145 2142 1188 2206 (cf.

144 2208 195 2270 Ep.
217 2206 315 2254 XLVI.
334 2220 348 2254 2
366 2221 390 2254 n.
431 2206 480 2254 See
503 2205 559 2254 also
583 2206 642 2254 Ter.
695 2206 758 2254 Intr.
769 2207 820 2270 77).
840 2207 932 2256 Cicero
945 2207 1033 2255 allows
1045 2208 1108 2257 such
1121 2224 1190 2257 corn-

142 2273 216 2322 And.
235 2272 292 2337 650,
311 2271 363 2321 and
388 2273 500 2335 Spengel
524 2287 558 2320 on
583 2272 641 2321 Ter.
692 2272 940 2336 pounds,whennot
950 2273 1053 2336 applied
1066 2283 1094 2323 to
1105 2275 1190 2340 physi-

142 2341 216 2389 And.
234 2353 274 2404 45.
283 2368 317 2376 -
329 2352 403 2402 quae
422 2373 429 2387 .
449 2373 456 2387 .
475 2373 482 2387 .
501 2339 641 2402 pertinet:
693 2340 733 2387 cal
745 2347 859 2398 matters,
869 2340 931 2404 only
937 2340 963 2388 in
976 2340 1016 2389 his
1030 2356 1101 2390 more
1114 2342 1189 2391 infor-

143 2406 191 2456 the
208 2406 300 2455 failure
313 2406 342 2454 oi
358 2405 464 2455 Caelius
481 2413 508 2454 to
522 2405 598 2454 share
615 2406 641 2454 in
693 2405 744 2454 mal
752 2406 866 2469 writings
873 2406 1109 2470 (cf.discrucio,Att.
1119 2423 1156 2469 14.
1164 2410 1187 2457 6.

145 2473 267 2523 Caesar’s
294 2473 368 2538 glory
392 2472 415 2521 is
443 2471 579 2535 explained
608 2472 642 2538 by
696 2472 1101 2538 1;dtlaudo,Att.4.17.5),butin
1111 2475 1187 2524 Latin

143 2553 216 2590 nam
226 2554 281 2599 me,
292 2547 468 2603 etc-quae
479 2538 565 2602 (tibi):
579 2539 640 2587 with
692 2538 1013 2604 comedyaconsiderable
1022 2541 1065 2588 list
1076 2541 1104 2589 of
1116 2541 1188 2590 thern
1236 2560 1240 2564 ²

143 2607 277 2657 reference
303 2613 331 2655 to
358 2605 403 2655 the
431 2606 535 2668 general
564 2613 642 2654 state·
692 2605 713 2654 is
725 2605 985 2664 found-discover),
996 2608 1126 2664 discrucio,
1139 2611 1188 2658 dis-

142 2681 231 2723 ments
243 2672 272 2721 of
289 2672 334 2721 the
350 2672 491 2736 preceding
505 2679 638 2733 sentence,
691 2673 771 2735 cupio,
783 2674 907 2735 disperdo,
926 2675 1044 2735 dispereo,
1063 2675 1186 2736 dispudet,

141 2739 282 2806 especially
299 2740 344 2788 the
362 2740 466 2804 anxiety
480 2738 509 2787 oi
526 2739 639 2788 Caelius.
691 2740 972 2803 distaedet-quam:
991 2748 1036 2788 not
1055 2748 1083 2788 to
1100 2740 1134 2789 be
1152 2757 1188 2790 re-

140 2807 367 2871 -expulisset:
396 2823 429 2855 sc.
455 2806 639 2856 Caesam—id
690 2805 787 2867 garded
824 2822 853 2854 as
888 2808 1062 2872 exclamatory
1098 2809 1116 2868 (⁸
1128 2808 1188 2857 how

143 2875 238 2939 quod:
262 2873 323 2922 with
341 2872 472 2922 reference
490 2880 518 2921 to
537 2873 581 2921 the
598 2888 639 2921 ex·
690 2887 767 2937 many
778 2872 818 2935 1¹),
829 2872 875 2920 but
888 2888 917 2922 as
929 2873 1070 2931 intensive;
1083 2874 1115 2922 cf.
1128 2877 1188 2923 reie-

140 2941 247 3006 pulsion
262 2941 291 2989 of
310 2941 425 3004 Pompey
435 2938 504 2988 from
524 2940 640 3004 Italy.-
690 2941 725 2987 cit
739 2956 764 2987 se
782 2941 810 2986 in
833 2956 890 2987 eum
905 2940 976 3003 flens
992 2956 1069 3002 quam
1085 2941 1187 3004 famili-

140 3008 200 3057 nisi
224 3007 264 3056 si:
293 3006 326 3056 cf.
350 3008 404 3054 uisi
429 3007 460 3063 si,
485 3007 533 3069 Ep.
558 3004 638 3054 XIII.
689 3008 778 3062 ariter,
791 3007 850 3054 Ter.
863 3007 932 3053 And.
948 3006 1001 3070 136.
1028 3007 1078 3054 We
1090 3007 1186 3056 should

142 3089 153 3123 1
175 3091 200 3123 n.
285 3118 288 3122 .
690 3073 752 3121 then
765 3071 885 3121 consider
896 3072 940 3121 the
952 3073 1046 3136 phrase
1065 3075 1185 3136 elliptical

177 3157 199 3191 2.
223 3156 341 3207 peream
365 3139 406 3190 si:
432 3140 465 3190 cf.
489 3156 520 3188 ne
542 3141 638 3196 uiuam,
691 3139 856 3200 (tumlmulta
865 3155 941 3203 quam
954 3140 1053 3203 (habere
1059 3142 1185 3205 possum).

140 3210 191 3273 Ep.
206 3208 430 3270 IV.4n.-isto:
448 3206 638 3266 archaicform;
688 3206 801 3256 —hui:
825 3205 877 3254 like
900 3207 956 3254 hem
980 3206 1039 3268 (Ep.
1060 3207 1139 3255 x111.
1159 3209 1184 3271 2)

139 3275 174 3326 ci.
194 3276 300 3324 Servius
317 3290 352 3323 on
370 3274 447 3337 Verg.
465 3275 529 3322 Aen.
547 3272 571 3320 8.
589 3285 638 3336 423
689 3271 810 3321 confined
823 3279 850 3320 to
869 3272 1008 3336 colloquial
1028 3274 1119 3332 Latin;
1143 3274 1184 3331 cf,

137 3351 188 3407 pro
200 3344 250 3392 huc
262 3354 320 3390 Hoc
331 3348 423 3391 veteres
432 3341 512 3390 dicere
521 3341 637 3396 solebant,
688 3355 740 3403 ag,
761 3340 843 3387 Plaut.
866 3340 940 3388 Truc.
966 3352 1013 3402 29;
1037 3341 1104 3387 Rud.
1131 3354 1184 3405 154.

138 3411 208 3459 sicut
217 3409 343 3472 proilluc
359 3420 424 3456 tuno
436 3409 553 3455 dicimus.
589 3406 638 3454 See
690 3407 740 3454 See
752 3407 808 3454 also
822 3406 884 3453 Intr.
892 3406 1016 3469 92.—ad
1027 3406 1111 3470 Alpis
1120 3421 1186 3456 ver-

139 3477 198 3526 also
211 3477 275 3524 Intr.
287 3475 328 3524 81.
364 3476 394 3523 In
407 3473 465 3523 isto
478 3474 522 3522 the
534 3472 640 3522 demon·
689 3486 758 3521 sus:
774 3472 818 3520 the
835 3472 1013 3520 combination
1028 3475 1080 3520 od.
1094 3509 1099 3521 .
1113 3509 1119 3519 .
1131 3489 1185 3521 ver·

139 3543 249 3593 strative
265 3541 371 3606 particle
382 3540 438 3605 de)
452 3541 473 3589 is
486 3540 597 3603 lacking,
609 3553 638 3588 as
688 3555 732 3587 sus
743 3554 835 3588 occurs
851 3539 877 3587 in
896 3539 1000 3595 Caesar,
1015 3539 1120 3597 Sallust,
1133 3540 1185 3588 and

138 3609 192 3659 itis
204 3609 230 3658 in
240 3610 284 3657 illi
291 3607 571 3670 belom-discupio,
581 3614 637 3658 etc..
690 3606 762 3670 Livy,
777 3605 823 3654 but
842 3613 888 3653 not
905 3605 932 3653 in
952 3605 1052 3654 Cicero.
1093 3607 1186 3655 Versus

139 3677 161 3725 I
167 3693 210 3725 am
224 3677 337 3739 dyingto
351 3690 390 3724 see
396 3691 456 3738 you,
469 3683 518 3723 etc.
554 3671 638 3722 Verbs
688 3671 710 3720 is
734 3682 762 3720 to
785 3672 818 3720 be
842 3672 920 3720 taken
944 3672 1103 3737 adverbially
1123 3673 1184 3721 with

139 3741 289 3792 intensified
306 3741 396 3807 hythe
413 3740 530 3789 addition
543 3739 572 3788 oi
589 3741 638 3788 dis·
689 3739 734 3787 the
756 3739 923 3802 preposition.
971 3739 997 3788 It
1023 3739 1184 3802 emphasizes

139 3808 237 3874 belong
260 3807 417 3876 exclusively
441 3815 469 3856 to
498 3805 638 3872 colloquial
690 3805 734 3854 the
746 3804 987 3854 direction.-illi:
1004 3805 1128 3864 iorillic,·
1141 3822 1185 3856 see
