2814 4330
198 256 246 310 128
537 256 705 307 CICERO’S
730 257 904 306 LETTERS.

197 435 305 490 tratus
331 445 424 489 sum
431 424 651 507 comprimere
676 444 791 488 eorum
815 424 997 501 audaciam,
1021 446 1087 508 quo
1111 426 1255 492 facilius

198 535 300 598 etiarn
329 544 516 598 ceterorum
545 532 657 608 animi,
684 532 741 616 qui
764 531 866 596 alieni
894 543 1008 596 essent
995 535 1114 598 t'ab
1106 537 1255 618 rmperio

198 652 381 718 nostr0,r
350 642 595 724 ir.angerentur
645 641 744 705 Vallo
768 640 841 704 eti
841 661 918 704 ossa
942 641 1161 720 circumdedi;
1189 665 1255 708 sex

198 750 345 815 castellis
362 749 549 832 castrisque
566 748 718 812 maximis
739 749 864 832 saepsi;
888 769 1011 832 aggere
1028 751 1127 814 viniis
1149 753 1253 815 turri-

198 861 261 923 bus
278 859 477 941 oppugnavi,
498 877 645 940 ususque
666 857 844 921 tormentis
861 857 987 933 multis,
1005 859 1119 922 multis
1146 861 1253 943 sagit-

198 967 292 1031 tariis
315 987 437 1049 magno
461 966 574 1029 labore
596 985 681 1041 meo,
700 965 773 1029 sine
798 965 865 1029 ulla
889 965 1043 1029 molestia
1067 978 1251 1050 sumptuve

199 1077 365 1140 sociorum
391 1074 539 1156 septimo
552 1073 853 1157 quinquagensimo
876 1074 931 1137 die
953 1095 1022 1138 rem
1048 1076 1190 1152 confeci,
1210 1087 1250 1140 ut

199 1184 354 1248 omnibus
380 1192 453 1265 part
440 1182 531 1246 tibus
559 1182 650 1246 urbis
676 1182 742 1246 dist
745 1183 853 1246 urbat
828 1191 873 1246 trs
901 1191 958 1246 aut
985 1182 1132 1247 incensis
1159 1205 1250 1248 com-

199 1292 328 1375 pulsi'
320 1312 354 1355 m
386 1299 591 1373 potestatem
623 1310 732 1354 meam
764 1291 988 1372 pervenirent
1052 1292 1117 1356 His
1149 1304 1249 1357 erant

200 1401 283 1464 finit
259 1399 332 1464 timi
361 1399 433 1482 pari
460 1397 587 1462 scelere
613 1407 646 1461 et
673 1398 811 1462 audacia
836 1399 1016 1477 Tebarani;
1042 1401 1126 1464 ab''
1106 1421 1147 1464 ns
1174 1402 1249 1464 Pin-

200 1509 334 1572 denisso
367 1517 465 1589 capto
495 1506 630 1570 obsides
662 1507 799 1588 accepi;
831 1507 1014 1571 exercitum
1043 1508 1077 1571 in
1105 1509 1249 1573 hiberna

201 1616 327 1693 dimisi3
353 1615 460 1698 Quint
463 1635 539 1678 um
544 1614 683 1678 fratrem
706 1624 808 1698 negot
812 1615 844 1678 io
863 1616 1040 1697 praeposui
1058 1626 1093 1679 ut
1112 1616 1146 1679 in
1163 1617 1248 1681 vicis

112 1727 116 1733 ’
200 1734 257 1788 aut
294 1724 400 1806 captis
432 1732 489 1786 aut
523 1723 608 1786 male
639 1723 767 1805 pacatis
802 1723 969 1787 exercitus
1004 1725 1245 1790 conlocaretur.

154 1858 180 1892 11
203 1833 303 1897 Nunc
335 1832 435 1895 velim
465 1831 513 1895 sic
541 1831 604 1895 tibi
632 1832 842 1913 persuadeas,
873 1832 902 1895 si
929 1833 971 1895 de
1000 1833 1040 1896 iis
1072 1834 1173 1897 rebus
1206 1835 1245 1897 ad

202 1951 357 2005 senatum
379 1940 520 2003 relatum
538 1940 591 2016 sit,
611 1960 665 2003 me
685 1940 952 2004 existimaturum
975 1962 1139 2005 summam
1165 1943 1245 2005 mihi

202 2049 333 2114 laudem
359 2049 529 2124 tributam,
556 2049 585 2111 si
609 2058 647 2112 tu
670 2048 832 2112 honorem
856 2069 969 2112 meum
995 2050 1166 2114 sententia
1188 2061 1246 2115 tua

203 2157 437 2240 comprobaris
464 2157 573 2240 idque,
598 2156 665 2220 etsi
689 2156 812 2220 talibus
836 2158 879 2221 de
903 2158 1003 2221 rebus
1031 2158 1245 2240 gravissimos

203 2266 356 2330 homines
380 2275 413 2328 et
439 2285 556 2347 rogare
581 2265 690 2328 solere
712 2273 747 2328 et
769 2266 878 2348 rogari
902 2266 981 2341 scio,
999 2275 1111 2330 tamen
1137 2269 1246 2330 admo-

204 2376 350 2438 nendum
367 2374 481 2456 potius
497 2383 532 2436 te
552 2395 572 2436 a
593 2394 647 2437 me
663 2394 762 2456 quam
787 2375 971 2456 rogandum
996 2385 1086 2457 puto.
1136 2377 1190 2439 Tu
1210 2396 1245 2440 es

204 2483 293 2547 enim
311 2482 339 2546 is
361 2483 418 2566 qui
440 2502 494 2545 me
518 2482 586 2545 tuis
611 2482 789 2545 sententiis
814 2483 1010 2564 saepissime
1035 2483 1171 2559 ornasti,
1190 2484 1246 2567 qui

204 2591 364 2666 oratione,
394 2590 451 2673 qui
483 2589 740 2671 praedicatione,
770 2591 827 2673 qui
855 2591 995 2656 summis
1027 2583 1180 2656 laudibus
1212 2593 1245 2655 in

195 2685 335 2775 senatu,
361 2699 395 2761 in
421 2698 633 2762 contionibus
658 2700 699 2761 ad
725 2698 858 2762 caelum'
878 2699 1038 2776 extulisti,
1065 2700 1159 2764 cuius
1185 2721 1245 2783 ego

206 2827 338 2889 semper
365 2816 461 2871 tanta
488 2826 564 2870 esse
591 2807 769 2870 verborum
797 2807 945 2888 pondera
972 2808 1086 2889 putavi
1114 2817 1150 2871 ut
1180 2829 1245 2872 uno

114 2989 121 2998 ,
204 2916 306 2979 verbo
323 2924 382 2978 tuo
399 2935 475 2978 cum
492 2934 567 2978 mea
582 2914 680 2978 laude
700 2909 878 2978 coniuncto
901 2915 1013 2979 omnia
1034 2917 1172 2999 adsequi
1194 2936 1246 2980 me

1041 257 1103 324 [Ep.
1114 260 1258 310 xxx1v.

1386 1317 1387 1376 l

242 3079 278 3114 ro.
296 3065 393 3114 viniis:
411 3081 427 3113 a
447 3064 553 3128 parallel
573 3065 641 3114 form
659 3065 702 3113 ior

205 3133 294 3180 vineis.
307 3160 340 3166 —
357 3131 639 3195 quinquagensimo:
669 3131 702 3182 cf.

205 3199 458 3262 quadragensimum,
477 3200 525 3262 Ep.
539 3199 596 3246 XC.
612 3212 621 3246 1
637 3214 703 3245 n.—

206 3265 268 3329 pari
286 3265 412 3314 scelere:
437 3265 504 3313 their
521 3265 599 3313 crime
617 3264 702 3313 would

206 3347 277 3382 seem
290 3340 317 3381 to
330 3331 397 3380 have
414 3331 479 3380 been
498 3331 566 3380 their
583 3331 702 3394 indepen-

206 3398 295 3448 dence.
331 3399 374 3446 No
387 3399 463 3446 other
477 3397 570 3460 charge
588 3399 609 3446 is
627 3398 703 3447 made

207 3465 308 3528 against
320 3465 438 3514 them-
449 3465 622 3514 Pindenisso
635 3478 702 3528 cap-

207 3540 253 3581 to:
280 3532 373 3581 Cicero
394 3530 568 3580 understands
587 3533 645 3579 how
662 3532 703 3580 his

207 3599 390 3661 metropolitan
402 3597 500 3647 friends
513 3599 563 3646 will
581 3597 642 3647 take
658 3598 703 3646 the

207 3680 276 3712 news
300 3664 329 3712 ot
356 3664 398 3712 his
407 3664 521 3742 victory
544 3680 607 3712 over
629 3665 703 3714 these

199 3737 281 3793 petty
297 3729 499 3787 mountaineers,
511 3730 600 3779 whose
618 3746 702 3788 name,

208 3811 281 3852 even,
286 3809 339 3844 was
346 3803 392 3844 not
401 3795 496 3845 known
505 3803 532 3844 to
542 3796 586 3846 the
593 3811 703 3860 average

754 3065 870 3125 Romam
888 3065 921 3115 cf.
935 3068 988 3115 An.
1003 3079 1024 3131 5.
1038 3081 1101 3116 20.r
1121 3068 1245 3116 Saturna-

752 3133 819 3182 libus
836 3148 911 3181 mane
926 3149 952 3181 se
974 3134 1041 3183 milri
1060 3135 1246 3182 Pindenissitae

752 3199 905 3247 dediderunt
924 3202 1028 3262 septimo
1050 3207 1074 3248 et
1095 3202 1246 3264 quinquage-

752 3267 816 3313 simo
833 3267 874 3314 die
888 3273 1024 3330 postquam
1046 3274 1193 3330 oppugnare
1210 3283 1247 3316 eos

752 3333 882 3394 coepimus.
916 3333 987 3393 ‘Qui
1000 3333 1117 3381 molum!
1133 3335 1177 3381 isti
1187 3335 1247 3382 Pin·

753 3399 892 3456 denissitae,
925 3401 972 3464 qui
1001 3400 1098 3448 sunt?’
1140 3402 1246 3462 inquies,

754 3469 861 3513 ‘nomeu
878 3467 969 3514 audr'oi
985 3467 1144 3530 numquam’
1180 3466 1248 3526 Quid

753 3547 796 3594 ego
807 3532 932 3597 sociam?
960 3549 1022 3581 uum
1036 3534 1113 3595 potui
1131 3534 1245 3582 Ciliciam

754 3599 879 3647 Aetoliam
887 3605 934 3647 aut
941 3600 1117 3648 Macedoniam
1128 3601 1247 3647 reddere?

790 3678 826 3712 11.
846 3678 862 3713 a
881 3680 946 3714 me:
964 3665 1095 3723 tormini,
1114 3674 1142 3714 to
1160 3681 1247 3714 secure

754 3731 798 3778 the
808 3739 923 3780 contrast
931 3731 991 3780 with
1002 3740 1040 3781 te.
1048 3760 1081 3768 -
1090 3733 1126 3780 ad
1137 3731 1246 3782 caelum

754 3797 899 3846 extulisti:
922 3797 943 3846 it
963 3813 1015 3847 was
1038 3798 1106 3846 Cato
1128 3798 1186 3847 who
1209 3799 1247 3848 be·
