2814 4328
238 281 288 332 236
576 283 744 333 CICERO’S
769 283 943 333 LETTERS.
1080 283 1142 349 [Ep.
1156 284 1288 333 LXXIX·

241 449 445 526 ‘iucundus'
458 449 523 514 nisi
536 451 569 514 id
587 450 724 514 verbum
742 449 777 514 in
794 470 893 514 omne
910 459 1045 533 tempus
1062 451 1285 534 perdidissem

239 597 282 606 -
295 578 405 642 neque
421 558 465 622 ob
481 578 553 622 eam
572 578 672 622 unam
691 579 835 635 causam,
854 578 952 642 quam
978 568 1015 622 tu
1041 559 1224 642 suspicaris
1250 569 1283 624 et

239 667 273 729 in
297 687 363 750 qua
385 687 439 730 me
463 665 643 731 lenissimis
669 677 703 730 et
727 667 967 732 amantissimis
984 667 1096 731 verbis
1122 678 1224 732 utens
1249 687 1296 732 re·

238 776 384 857 graviter
412 795 559 852 accusas,
586 776 645 840 sed
678 776 766 860 quod
791 774 880 840 illius
913 775 999 840 tanti
1023 775 1175 840 vulneris
1200 795 1284 860 quac

207 908 219 942 2
239 883 385 948 remedia
396 904 473 948 esse
485 885 663 960 debebant,
680 905 719 949 ea
735 883 827 949 nulla
839 893 927 950 sunt.
968 884 1059 967 Quid
1073 885 1191 948 enim?
1228 885 1282 948 Ad

238 993 407 1057 amicosne
423 993 640 1077 confugiam?
694 993 804 1076 Quam
821 992 918 1056 multi
936 993 1039 1057 sunt?
1088 993 1282 1058 Habuimus

135 1117 137 1122 ·
238 1101 326 1165 enim
343 1101 415 1165 fere
431 1102 628 1177 communis,
642 1123 782 1185 quorum
799 1101 856 1182 alii
872 1102 1078 1177 occiderunt,
1093 1100 1151 1166 alii
1169 1102 1283 1166 nescio

237 1230 303 1293 quo
327 1219 426 1292 pacto
451 1210 693 1274 obduruerunt.
743 1210 870 1274 Tecum
895 1210 1007 1274 vivere
1031 1231 1170 1293 possem
1196 1212 1284 1295 equi-

237 1319 312 1382 dem
341 1328 375 1382 et
407 1318 550 1382 maxime
586 1318 723 1396 vellem3
756 1328 907 1382 vetustas
944 1339 1036 1383 amor
1072 1321 1283 1384 consuetudo

238 1427 348 1490 studia
360 1427 512 1509 paria,—
521 1428 610 1510 quod
624 1426 780 1502 vinclum,
795 1447 929 1510 quaeso,
944 1428 1040 1491 deest
1053 1437 1194 1491 nostrae
1207 1448 1281 1492 con-

237 1535 442 1600 iunctionis?
478 1537 704 1600 Possumusne
721 1535 823 1618 igitur
839 1556 915 1599 esse
932 1536 1021 1599 una?
1058 1535 1132 1601 Nec
1155 1537 1283 1601 meher-

237 1644 311 1709 cule
338 1643 499 1728 intellego
527 1645 606 1728 quid
636 1644 820 1727 impediat3
856 1645 915 1708 sed
948 1654 1039 1709 certe
1071 1644 1183 1710 adhuc
1216 1666 1283 1709 non

236 1753 370 1828 fuimus,
396 1775 473 1818 cum
502 1774 653 1817 essemus
682 1752 782 1817 vicini
811 1753 845 1816 in
875 1752 1077 1830 Tusculano,
1104 1753 1140 1816 in
1166 1754 1285 1820 Puteo

236 1861 321 1927 lano.
371 1861 459 1926 Nam
483 1863 562 1946 quid
587 1862 694 1926 dicam
720 1861 753 1925 in
778 1862 883 1926 urbe?
916 1861 951 1925 in
976 1882 1050 1945 qua,
1069 1883 1145 1926 curn
1171 1862 1283 1928 forum

203 1987 218 2039 3
236 1991 414 2036 commune
427 1971 480 2048 sit,
496 1971 650 2036 vicinitas
668 1992 735 2034 non
753 1970 942 2054 requiritur.
985 1969 1053 2035 Sed
1069 1991 1150 2036 casu
1168 1975 1284 2037 nescio

167 2080 170 2084 ’
236 2100 301 2162 quo
320 2079 353 2144 in
370 2101 410 2145 ea
426 2090 578 2163 tempora
597 2089 712 2144 nostra
733 2089 826 2143 aetas
843 2079 960 2143 incidit
978 2089 1026 2156 ut,
1044 2099 1121 2144 cum
1138 2081 1284 2146 maxime

235 2187 354 2252 florere
371 2209 433 2253 nos
449 2199 628 2271 oporteret,
643 2198 714 2251 turn
731 2188 843 2251 vivere
860 2187 961 2251 etiam
979 2188 1130 2271 puderet.
1183 2189 1284 2273 Quod

236 2297 325 2360 enim
342 2317 417 2361 esse
433 2307 564 2380 poterat
585 2296 667 2360 mihi
691 2295 882 2379 perfugium
907 2296 1050 2379 spoliato
1074 2306 1108 2360 et
1125 2297 1285 2362 domesti-

236 2405 285 2470 cis
301 2415 334 2469 et
350 2406 542 2469 forensibus
559 2405 765 2469 ornamentis
789 2415 890 2488 atque
914 2403 1070 2470 solaciis?
1120 2405 1282 2484 Litterae,

236 2514 345 2590 cred0,
372 2515 493 2598 quibus
522 2524 599 2578 utor
626 2513 778 2592 assidue;
815 2513 894 2597 quid
926 2513 1015 2578 enim
1048 2513 1139 2578 aliud
1171 2514 1285 2580 facere

235 2623 396 2706 possum?
453 2621 521 2687 Sed
545 2623 659 2687 nescio
684 2622 851 2706 quomodo
880 2622 973 2705 ipsae
999 2621 1075 2685 illae
1104 2622 1284 2689 excludere
1365 2697 1370 2704 ,

193 2770 198 2780 ·
235 2751 289 2794 me
311 2751 330 2795 a
349 2741 448 2813 portu
472 2741 506 2794 et
531 2731 685 2814 perfugio
709 2731 866 2802 videntur
890 2741 924 2794 et
949 2729 1046 2814 quasi
1069 2732 1281 2814 exprobrare,

271 2903 292 2938 1.
321 2888 479 2940 iucundus:
508 2890 541 2939 cf.
570 2890 732 2950 iucundiora,
785 2889 913 2955 naturally
925 2897 1018 2954 expect
1030 2897 1058 2939 to
1073 2905 1136 2953 reap
1148 2889 1195 2940 the
1211 2890 1283 2950 fruit,

231 2957 356 3019 gratiora,
375 2957 424 3020 Ep.
445 2957 570 3006 LXXVI.
592 2970 602 3005 r
622 2959 732 3007 n.-ob
785 2957 811 3006 in
835 2957 879 3006 the
897 2971 952 3020 way
972 2956 1002 3005 of
1024 2956 1159 3013 influence,
1179 2956 1283 3007 distine-

236 3036 301 3072 eam
307 3037 397 3072 unam
409 3036 541 3073 causam:
556 3040 589 3072 sc.
597 3023 643 3074 the
652 3022 731 3074 death
786 3023 849 3082 tion,
861 3022 914 3072 and
928 3022 1094 3087 friendships,
1107 3022 1138 3071 of
1154 3022 1197 3073 his
1209 3039 1282 3089 years

235 3089 264 3138 of
276 3089 368 3138 Tullia.
376 3091 546 3140 —remedia
557 3107 563 3138 ι
579 3107 612 3140 sc.
624 3090 730 3148 friends,
785 3089 814 3138 of
822 3090 892 3138 work
902 3089 954 3139 and
963 3089 1049 3154 study.
1058 3089 1281 3140 -domeaticisz

235 3155 370 3214 influence‚
393 3156 518 3214 freedom,
537 3157 601 3207 civic
624 3157 731 3215 honora,
785 3155 953 3219 tobejoined
965 3171 1037 3206 more
1046 3156 1213 3222 particularly
1221 3158 1281 3206 with

234 3229 283 3272 etc.
318 3223 360 3272 cf.
374 3223 422 3287 Ep.
437 3225 561 3273 LXXVI.
577 3238 646 3273 ann.
785 3223 909 3273 solaciis.
945 3223 987 3272 Cf.
999 3224 1101 3272 amissis
1115 3227 1280 3282 ornamentis,

269 3303 291 3338 2.
310 3289 378 3354 quid
388 3291 479 3340 enim:
493 3287 730 3355 usuallyfollowed,
784 3297 841 3348 etc,
871 3291 920 3354 Ep.
950 3289 1075 3339 LXXVI.
1100 3291 1282 3355 2.—quibus

234 3371 263 3406 as
281 3356 350 3414 here,
368 3356 402 3423 by
419 3373 435 3406 a
454 3357 591 3406 rhetorical
609 3357 730 3422 question
784 3364 850 3408 utor
867 3356 1000 3406 assidue:
1023 3355 1049 3404 in
1067 3368 1099 3421 45
1117 3367 1169 3406 nc.
1188 3357 1281 3408 Cicero

234 3423 371 3487 expecting
393 3440 411 3473 a
433 3424 554 3488 negative
580 3438 686 3474 answer.
698 3451 732 3460 —
784 3430 864 3473 wrote
882 3423 928 3473 the
949 3424 1099 3480 Consolatio,
1117 3425 1280 3482 Hortensius,

234 3490 416 3542 occiderunt:
433 3490 466 3539 cf.
485 3492 534 3555 Ep.
552 3491 638 3539 LXII.
656 3503 670 3538 2
687 3505 730 3538 nn.
783 3492 813 3539 de
830 3491 945 3548 Finibus,
958 3489 1011 3538 and
1028 3491 1187 3538 Academica.
1224 3492 1280 3541 The

233 3570 486 3620 -possumusne:
514 3571 551 3605 ne
574 3556 616 3604 for
639 3571 730 3605 nonne.
789 3558 947 3606 Tusculanae
958 3557 1154 3618 Disputationes
1165 3554 1219 3606 and
1237 3559 1280 3608 the

234 3621 298 3670 This
321 3637 401 3687 usage
424 3623 512 3685 points
540 3622 607 3672 back
635 3631 663 3671 to
687 3622 731 3671 the
783 3624 812 3671 de
835 3625 942 3673 Natura
965 3624 1080 3671 Deorum
1106 3637 1172 3670 were
1196 3625 1280 3690 partly

232 3686 324 3748 period
335 3688 409 3736 when
425 3703 509 3735 nonne
521 3703 573 3736 was
590 3687 730 3736 unknown.
782 3689 882 3738 written
889 3690 914 3737 in
923 3689 1177 3754 thesameyear.-a
1186 3699 1279 3754 portu:

232 3754 730 3881 ntftthrritltllzi‘nktssll
782 3755 1280 3886 nerra?rtakdl¹1³
