2814 4330
228 233 262 284 92
565 231 737 283 CICERO'S
757 233 931 283 LETTERS.
1108 233 1169 300 [Ep.
1184 236 1295 285 XXII.

229 401 308 465 lum.
375 399 432 465 Sic
465 399 555 464 enim
587 401 719 476 habeto,
747 419 929 488 numquam
961 419 1015 464 me
1047 421 1067 464 a
1098 402 1209 465 causis
1247 413 1293 466 et

230 509 360 573 iudiciis
377 508 614 572 districtiorem
631 508 748 584 fuisse,
766 517 867 592 atque
888 509 921 572 id
942 509 1023 572 anni
1039 519 1190 592 tempore
1207 532 1293 594 gra-

229 617 366 681 vissimo
391 627 425 681 et
449 616 614 680 caloribus
640 615 801 680 maximis.
852 616 920 681 Sed
944 617 1037 692 haec,
1056 619 1214 701 quoniam
1240 629 1290 683 tu

230 726 278 789 ita
300 725 509 808 praescribis,
528 724 668 788 ferenda
692 734 782 800 sunt,
801 745 911 808 neque
935 726 1216 792 committendum
1241 738 1289 790 ut

229 844 286 898 aut
316 834 388 916 spei
415 843 472 897 aut
502 833 698 916 cogitationi
723 842 856 896 vestrae
884 853 947 916 ego
971 834 1086 897 videar
1114 834 1286 912 defuisse,

230 943 426 1024 praesertim
451 962 537 1017 cum,
565 941 593 1004 si
617 941 651 1004 id
675 941 841 1004 difficilius
868 941 981 1017 fuerit,
1008 952 1129 1005 tamen·
1146 961 1187 1005 ex
1213 943 1287 1007 hoc

229 1050 343 1115 labore
373 1071 528 1133 magnam
561 1050 700 1132 gratiam
732 1069 954 1132 magnamque
977 1050 1179 1133 dignitatem
1213 1051 1285 1115 sim

230 1159 452 1223 conlecturus.
503 1159 630 1241 ltaque,
649 1169 686 1221 ut
707 1158 769 1221 tibi
793 1158 911 1239 placet,
931 1159 1049 1221 damus
1073 1178 1208 1240 operam
1235 1181 1284 1223 ne

230 1267 324 1331 cuius
341 1257 488 1330 animum
510 1267 721 1330 offendamus
746 1276 847 1349 atquc
873 1277 909 1329 ut
936 1267 1036 1342 etiam
1061 1268 1102 1331 ab
1128 1267 1168 1330 iis
1193 1268 1282 1350 ipsis

230 1376 287 1459 qui
304 1396 365 1440 nos
382 1397 457 1440 cum
475 1375 618 1439 Caesare
644 1385 712 1438 tam
738 1375 936 1439 coniunctos
954 1375 1068 1438 dolent
1086 1376 1277 1458 diligamur,
1369 1426 1374 1436 .

230 1485 272 1547 ab
300 1484 415 1567 aequis
439 1504 518 1547 vero
546 1493 602 1548 aut
633 1485 734 1547 ctiam
763 1485 939 1566 propensis
968 1484 1002 1546 in
1031 1485 1117 1549 hanc
1145 1495 1278 1567 partem

198 1593 446 1656 zvehementer
470 1601 504 1656 et
528 1593 676 1656 colamur
700 1602 733 1656 et
758 1613 915 1656 amemur.
969 1594 1022 1656 De
1046 1593 1173 1657 ambitu
1198 1615 1278 1658 cum

230 1701 438 1765 atrocissime
462 1711 619 1783 ageretur
643 1701 677 1763 in
704 1712 823 1764 senatu
849 1701 972 1765 multos
999 1701 1081 1777 dies,
1108 1703 1196 1785 quod
1230 1703 1279 1766 ita

150 1836 153 1841 ·
231 1819 325 1872 erant
350 1809 519 1892 progressi
544 1809 712 1874 candidati
737 1809 937 1874 consulares·
955 1819 992 1873 ut
1021 1830 1089 1872 non
1114 1819 1205 1873 esset
1229 1811 1279 1875 fe-

186 1995 187 1998 *
231 1918 380 1994 rendum,
400 1917 434 1980 in
451 1928 571 1982 senatu
591 1937 658 1981 non
682 1918 740 1982 fui.
792 1918 903 1982 Statui
927 1919 969 1982 ad
994 1918 1118 1981 nullam
1142 1919 1279 1983 medici·

198 2047 213 2098 3
232 2046 308 2089 narn
325 2026 542 2109 reipublicae
559 2026 632 2090 sine
649 2047 770 2109 magno
788 2027 955 2108 praesidio
979 2027 1147 2090 accedere.
1199 2027 1279 2110 Quo

231 2135 285 2198 die
305 2135 387 2199 haec
412 2134 539 2216 scripsi,
559 2135 690 2198 Drusus
716 2144 787 2198 erat
804 2136 846 2197 de
871 2135 1153 2217 praevaricatione
1177 2156 1198 2198 a
1221 2137 1280 2198 tri-

232 2243 331 2307 bunis
348 2242 483 2307 aerariis
501 2228 684 2318 absolutus,
704 2243 737 2306 in
756 2264 885 2306 summa
902 2253 1062 2326 quattuor
1085 2244 1278 2320 sententiiS,

267 2415 288 2449 1.
312 2400 355 2450 sic
378 2402 501 2450 habeto:
525 2400 558 2450 cf.
581 2403 618 2449 sic
634 2401 726 2458 habeto,
781 2416 859 2450 cause
884 2401 914 2450 of
938 2401 982 2450 the
1005 2401 1169 2467 aristocracy,
1189 2401 1279 2451 would

233 2469 281 2532 Ep.
292 2468 394 2517 XXVI.
408 2482 416 2515 r
432 2484 498 2515 n.-
507 2467 575 2517 anni
585 2475 727 2530 ternpore:
781 2468 908 2534 naturally
920 2469 1007 2531 please
1020 2469 1064 2518 the
1078 2469 1234 2531 optimates.
1244 2497 1281 2504 —

232 2537 344 2598 August,
367 2534 412 2583 the
435 2534 549 2583 weather
574 2535 652 2597 being
680 2535 727 2583 hot
781 2535 892 2598 aequis,
914 2536 1085 2600 fairminded,
1115 2537 1153 2582 tle.
1177 2535 1280 2584 toward

231 2617 296 2651 even
310 2601 353 2649 for
370 2601 426 2650 that
445 2601 547 2662 month;
566 2601 598 2650 cf.
614 2601 643 2660 Q.
649 2602 690 2666 fr.
705 2616 727 2666 3.
782 2601 1099 2665 Caesar-propensis,
1121 2609 1188 2650 etc:
1213 2602 1281 2652 Cae-

234 2682 254 2717 1.
276 2675 481 2717 r.-vestrae:
499 2685 531 2716 sc.
550 2668 579 2716 of
601 2684 652 2733 you
676 2669 728 2716 and
781 2669 1018 2732 sar'ssupporters.

232 2735 421 2784 Caesar—ex
432 2737 487 2784 hoc
498 2734 614 2785 labore:
636 2735 727 2784 Cicero
815 2749 836 2782 2.
855 2735 890 2784 de
905 2736 1025 2785 ambitu:
1047 2734 1078 2784 cf.
1094 2735 1122 2795 Q.
1133 2735 1175 2800 fr.
1188 2749 1211 2800 3.
1226 2749 1248 2783 2.
1261 2749 1278 2801 3

230 2802 253 2851 is
261 2800 388 2866 probably
396 2801 520 2864 referring
530 2810 557 2850 to
568 2802 608 2850 his
618 2810 728 2865 support
739 2819 747 2838 ·
783 2802 893 2864 (written
907 2811 957 2850 two
970 2802 1076 2850 months
1087 2802 1163 2865 later)
1176 2803 1206 2850 dc
1222 2818 1278 2851 am·

232 2869 261 2917 of
278 2869 323 2917 the
341 2868 521 2917 Triumuirate.
565 2869 666 2932 During
683 2869 728 2918 the
781 2870 833 2918 bitu
842 2870 969 2930 postulati
982 2876 1044 2916 sunt
1060 2884 1145 2917 omncs
1160 2870 1207 2932 qui
1223 2885 1280 2917 con·

231 2933 729 3065 liutfrid}{riculfu
780 2937 1042 3062 lll‘lmd‘li'l'al
1056 2936 1281 3051 trudat·

231 3071 270 3118 rio
286 3071 354 3117 Post.
373 3069 424 3132 32),
444 3069 571 3126 Vatinius,
591 3068 643 3118 and
662 3069 729 3118 Mes·
780 3070 943 3125 adulescente,
956 3070 1103 3126 Memmius,
1121 3085 1137 3116 a
1159 3067 1188 3126 Q.
1205 3069 1281 3116 Pom-

231 3136 285 3185 sius
299 3135 342 3200 (cf.
353 3137 405 3183 Art.
418 3149 442 3196 4.
458 3148 494 3200 15.
507 3136 543 3198 9),
556 3135 590 3183 all
602 3135 631 3183 of
643 3135 729 3184 whom
776 3137 833 3197 peio
853 3136 981 3193 Messalla,
995 3152 1011 3183 a
1033 3136 1137 3184 Triario
1153 3136 1279 3184 Scaurus.

231 3217 297 3251 were
314 3202 384 3250 tools
403 3201 432 3250 of
458 3201 502 3250 the
521 3202 659 3259 triumvirs,
677 3199 729 3250 and
782 3201 823 3250 Cf.
836 3203 893 3250 also
906 3204 958 3250 Att.
971 3217 993 3262 4.
1010 3214 1047 3262 17.
1061 3215 1083 3250 2.

231 3268 275 3318 the
287 3269 343 3317 first
355 3276 406 3317 two
419 3267 472 3317 had
485 3268 550 3317 been
563 3268 661 3317 former
673 3284 730 3318 ene·
815 3282 836 3333 3.
863 3270 994 3318 Drusus:
1028 3267 1155 3332 probably
1192 3267 1280 3316 Livius

231 3335 295 3384 mies
307 3334 336 3384 of
352 3334 451 3384 Cicero.
488 3335 529 3383 Cf.
543 3343 605 3384 note
618 3343 646 3383 to
664 3335 730 3383 Vati·
783 3336 885 3384 Drusus
895 3334 1063 3390 Claudianus,
1071 3333 1241 3397 grandfather
1250 3334 1280 3383 of

231 3405 303 3452 nium
328 3402 511 3450 below-ab
529 3401 565 3450 iis
589 3402 661 3464 ipsis
680 3402 729 3464 qui
782 3401 826 3449 the
845 3417 965 3464 emperor
981 3400 1299 3450 Tiberius-absolu?

231 3468 424 3518 ...dolent:
450 3468 495 3517 the
519 3468 621 3516 oration
645 3467 728 3516 which
781 3474 838 3526 tus,
846 3467 977 3516 etc.:each
987 3467 1015 3516 of
1022 3467 1066 3516 the
1075 3467 1147 3515 three
1155 3468 1279 3525 decuriae,

231 3534 323 3583 Cicero
336 3533 466 3584 delivered
483 3534 510 3583 in
529 3535 573 3583 the
585 3550 657 3582 same
669 3550 730 3599 year
782 3534 924 3596 composed
934 3534 1103 3598 respectively
1111 3532 1140 3581 of
1151 3541 1279 3590 senators),

230 3602 255 3648 in
269 3600 375 3650 defense
385 3601 414 3648 of
427 3602 463 3649 M.
475 3601 602 3650 Aemilius
616 3601 729 3650 Scaurus
781 3599 896 3663 knights,
909 3601 961 3648 and
973 3602 1072 3649 tribuni
1080 3601 1188 3657 aerarii,
1199 3598 1280 3649 voted

232 3667 275 3731 (cf.
283 3669 335 3715 Art.
346 3679 416 3732 415.
426 3667 513 3730 9),son
523 3667 553 3716 of
561 3667 605 3715 the
617 3668 729 3716 Scaurus
782 3668 927 3731 separately
946 3667 989 3730 (cf.
1014 3665 1130 3729 Madvig,
1161 3668 1229 3732 Verf.
1253 3683 1278 3715 u.

230 3734 288 3788 who
301 3747 332 3781 so
351 3733 480 3806 earnestly
491 3731 666 3804 championed
684 3732 729 3789 tha
788 3731 870 3787 Vcrw.
881 3733 917 3780 II.
928 3732 996 3803 328).
1022 3733 1052 3784 Iu
1066 3732 1117 3788 this
1130 3748 1189 3790 case
1201 3747 1280 3790 ama·
