2814 4328
140 292 216 340 Fam.
231 303 269 351 14
285 287 336 355 11.]
486 288 653 338 CICERO’S
678 289 851 339 LETTERS.

487 522 576 587 LVI.
613 523 717 610 (Fam.
740 541 790 604 14.
808 524 853 608 8.)

388 697 546 747 TVLLIVS
571 697 788 748 TERENTIAE
812 699 907 748 SVAE
932 699 958 749 S.

191 832 229 897 Si
247 831 347 907 vales,
365 832 453 895 bene
477 841 538 896 est.
590 832 663 914 Ego
680 832 784 898 valeo.
833 833 1072 897 Valetudinem
1097 843 1189 898 tuam

140 941 245 1006 velim
270 960 366 1004 cures
391 936 668 1021 diligentissime3
701 961 777 1004 nam
803 941 885 1004 mihi
910 951 942 1004 et
968 942 1129 1024 scriptum
1156 953 1189 1006 et

141 1049 337 1119 nuntiatum
363 1058 414 1111 est
440 1057 474 1110 te
500 1047 533 1110 in
558 1047 679 1111 febrim
712 1043 824 1113 subito
857 1049 1044 1124 incidisse..
1090 1050 1190 1134 Quod

141 1157 300 1222 celeriter
317 1175 370 1218 me
386 1155 499 1219 fecisti
516 1155 558 1218 de
582 1154 735 1220 Caesaris
760 1156 883 1221 litteris
908 1158 1094 1234 certiorem,
1111 1158 1191 1224 ieci-

141 1266 189 1330 sti
213 1265 296 1327 mihi
321 1275 464 1346 gratum.
516 1264 602 1326 Item
627 1265 777 1346 posthac,
803 1265 832 1329 si
856 1266 935 1348 quid
959 1285 1043 1348 opus
1068 1267 1141 1343 erit,
1162 1268 1191 1331 si
1216 1278 1222 1290 ·

142 1373 223 1456 quid
249 1373 408 1437 acciderit
433 1372 520 1448 novi,
539 1371 643 1437 iacies
668 1382 706 1436 ut
731 1373 843 1438 sciam.
895 1373 983 1438 Cura
1007 1383 1045 1438 ut
1068 1375 1189 1441 valeas.

142 1482 240 1546 Vale.
269 1466 271 1470 ¹
290 1481 332 1546 D.
353 1499 405 1544 1111
423 1481 511 1546 Non.
531 1481 604 1545 Iun.

465 1717 576 1781 Lvrr.
612 1717 717 1807 (Fam.
741 1736 789 1798 14.
813 1719 878 1803 11.)

351 1892 509 1942 TVLLIVS
535 1892 561 1942 S.
586 1893 619 1940 D.
643 1892 861 1942 TERENTIAE
885 1893 989 1944 SVAE.

192 2028 227 2093 S.
249 2049 279 2093 v,
302 2028 334 2092 b.
357 2028 395 2092 E.
418 2049 448 2092 v.
501 2027 613 2090 Tullia
636 2036 752 2090 nostra
774 2027 867 2091 venit
892 2028 933 2091 ad
957 2049 1012 2092 me
1035 2049 1084 2113 pr.
1111 2029 1191 2094 Idus

145 2138 242 2213 Iun.;
279 2136 373 2200 cuius
405 2155 536 2199 summa
566 2135 692 2204 virtute
723 2145 757 2198 et
790 2135 952 2218 singulari
982 2136 1192 2202 humanitate

143 2245 297 2328 graviore
315 2245 416 2308 etiam
434 2265 507 2307 sum
525 2244 638 2307 dolore
654 2243 807 2308 adfectus
825 2254 940 2327 nostra
962 2244 1089 2308 lactum
1116 2266 1191 2310 esse

143 2352 370 2436 neglegentia,
389 2363 425 2416 ut
451 2353 551 2434 longe
575 2352 639 2415 alia
664 2351 697 2414 in
721 2351 857 2416 fortuna
881 2362 969 2416 esset
994 2363 1095 2437 atque
1120 2354 1191 2418 eius

145 2463 254 2545 pietas
280 2482 319 2526 ac
343 2461 490 2543 dignitas
519 2460 720 2542 postulabat.
783 2460 891 2524 Nobis
920 2470 990 2524 erat
1017 2461 1054 2524 in
1080 2463 1191 2526 animo

146 2570 344 2635 Ciceronem
384 2570 426 2633 ad
464 2569 641 2632 Caesarem
682 2568 826 2644 mittere,
860 2578 893 2630 et
931 2589 1006 2632 cum
1048 2590 1087 2633 eo
1128 2571 1189 2636 Cn.

181 2728 252 2777 LVI.
277 2727 453 2785 Brundisium,
476 2727 544 2786 June
569 2741 590 2784 2,
610 2740 642 2788 47
695 2727 752 2788 Ego
773 2726 843 2775 valeo
849 2739 862 2784 ,⁶
886 2729 957 2775 orsi
977 2729 1052 2784 vales,
1071 2729 1130 2777 bene
1149 2736 1190 2778 est.

148 2807 198 2843 ac.
702 2793 781 2842 Valeo.
812 2793 853 2841 Cf.
867 2793 930 2842 Intr.
943 2793 974 2842 62
987 2793 1039 2842 and
1053 2795 1100 2858 Ep.
1112 2795 1190 2852 LVI,

181 2861 207 2910 si
218 2861 308 2919 vales,
320 2862 394 2909 bene
408 2867 461 2909 est.
480 2874 536 2924 ego
547 2860 642 2909 valeo:
696 2858 797 2907 LVIII.
810 2875 894 2907 nn.—
904 2860 940 2908 ad
953 2875 1010 2910 me:
1023 2862 1060 2910 te.
1071 2870 1099 2910 to
1113 2862 1192 2911 Erun-

147 2928 242 2976 Cicero
254 2943 332 2976 never
345 2942 404 2976 uses
419 2927 471 2975 this
488 2926 600 2975 formula
617 2926 643 2974 in
695 2925 808 2984 disium;
838 2925 871 2975 cl.
897 2927 960 2975 lntr.
985 2941 1023 2991 32.
1040 2955 1073 2963 -
1091 2928 1192 2992 negle-

148 2993 249 3056 writing
275 3002 303 3042 to
330 2993 453 3055 Quintus,
478 2993 590 3052 AtticuS,
614 3008 645 3041 or
696 2993 811 3056 gentia:
828 2993 920 3042 Cicero
933 2993 1014 3042 refers
1025 2994 1151 3060 probably
1163 3003 1191 3045 to

147 3061 219 3116 Tiro,
238 3076 286 3108 nor
306 3060 332 3108 in
354 3059 394 3108 his
415 3059 485 3124 early
502 3059 592 3108 letters
616 3067 643 3108 to
696 3059 804 3109 Tullia’s
815 3060 968 3123 unpleasant
981 3061 1095 3124 position
1105 3077 1134 3110 as
1147 3061 1191 3111 the

146 3127 278 3183 Terentia,
305 3126 352 3176 viz.
378 3128 452 3174 Fam.
481 3141 551 3187 ¹4²
583 3127 643 3190 (Ep.
695 3125 796 3175 wifeoi
814 3126 959 3184 Dolabella,
972 3142 988 3175 a
1002 3127 1121 3177 financial
1139 3129 1191 3178 and

148 3194 250 3257 Xlll.)‚
263 3207 277 3258 3
296 3193 347 3242 and
365 3208 381 3254 4
401 3194 459 3257 (Ep.
474 3192 535 3257 XI),
548 3191 600 3240 and
617 3192 643 3240 in
696 3194 778 3241 moral
791 3193 929 3257 bankrupt,
940 3194 998 3242 who
1007 3194 1114 3243 showed
1125 3196 1191 3246 little

145 3261 251 3324 general
263 3261 297 3308 he
309 3261 426 3325 employs
441 3259 461 3308 it
477 3261 538 3326 only
550 3259 575 3307 in
593 3259 645 3308 ior·
695 3259 818 3308 affection
835 3259 879 3309 for
896 3260 950 3318 her,
966 3259 1018 3308 and
1036 3261 1124 3310 whose
1141 3262 1192 3325 agi-

146 3327 199 3375 mal
211 3327 308 3376 letters.
346 3328 386 3375 Its
400 3342 445 3375 use
457 3326 519 3375 here
530 3326 552 3375 is
562 3326 645 3375 there·
696 3326 779 3374 tation
792 3335 819 3375 at
832 3327 883 3375 this
896 3343 958 3392 very
970 3336 1087 3376 moment
1098 3328 1142 3377 for
1158 3345 1191 3378 an

146 3393 205 3441 lore
218 3409 251 3442 an
264 3392 405 3442 indication
418 3392 448 3440 oi
464 3394 509 3442 the
524 3394 644 3442 coolness
695 3392 822 3441 abolition
847 3393 876 3440 ol
896 3393 972 3443 debts
996 3409 1048 3443 was
1071 3394 1192 3459 bringing

146 3460 230 3508 which
243 3460 295 3508 had
308 3475 406 3523 sprung
417 3475 451 3523 up
460 3459 576 3509 between
590 3459 643 3507 him
694 3458 796 3508 further
811 3459 929 3522 disgrace
947 3476 1016 3523 upon
1036 3461 1123 3510 Tullia
1140 3461 1191 3512 and

145 3526 199 3575 and
209 3527 249 3575 his
258 3526 327 3584 wiie3
340 3526 372 3576 ci.
382 3526 445 3574 lntr.
457 3525 644 3590 52.—Iacies:
695 3525 742 3574 her
750 3526 847 3592 family.
878 3527 928 3575 But
941 3527 1049 3576 Tullia’s
1061 3527 1192 3578 betrothal

146 3592 180 3642 ci.
196 3594 258 3642 Intr.
270 3593 303 3654 84
314 3595 336 3642 b.
695 3589 747 3640 and
768 3593 894 3656 marriage
916 3601 945 3641 to
964 3593 1105 3643 Dolabella
1126 3596 1191 3644 took

182 3660 266 3708 LVII.
302 3659 476 3718 Brundisium,
506 3659 573 3720 June
607 3673 644 3719 14,
695 3659 1192 3725 placeagainstherfatherlsjudgment

146 3739 179 3788 47
199 3738 249 3775 Bc.
696 3724 788 3789 during
807 3725 848 3774 his
860 3725 971 3775 absence
983 3727 1008 3774 in
1022 3727 1119 3777 Cilicia.
1150 3729 1191 3778 ct.

181 3807 205 3844 ι.
221 3808 248 3843 v.
266 3795 294 3844 b.
313 3807 338 3843 e.
357 3808 398 3842 va
416 3794 440 3841 ri
460 3793 536 3852 vales,
554 3793 642 3842 benest.
697 3791 761 3840 Intr.
776 3787 814 3857 56.
822 3792 1045 3863 -ciceronem
1063 3794 1108 3844 the
1120 3809 1192 3845 same
