2780 4332
245 310 296 361 zan
584 309 750 360 crcnno’s
773 309 944 358 currens.
1091 309 1285 374 [upxcvn.

245 487 383 542 senatus
420 479 559 561 gravior,
601 479 813 553 constantior,
855 477 989 542 amicior
1026 478 1092 541 tuis
1125 478 1286 543 laudibus

244 607 411 652 essenon
435 587 543 670 potuit
574 607 672 670 quam
705 596 776 650 tum
807 586 882 662 luit,
911 579 974 650 nec
998 606 1075 650 vero
1099 587 1162 650 tibi
1188 608 1286 652 sena·

243 704 299 760 tus
329 696 467 760 amicior
497 716 594 778 quam
628 705 749 760 cuncta
782 695 906 759 civitas.
957 695 1154 758 Mirabiliter
1190 697 1284 761 enim

242 805 385 886 populus
426 805 467 868 R.
508 804 682 867 universus
722 813 755 867 et
799 803 947 866 omnium
990 823 1149 887 generum
1196 806 1285 869 ordi-

241 932 389 995 numque
417 932 602 977 consensus
623 912 666 976 ad
686 912 890 976 liberandam
914 932 984 975 rem
1008 933 1038 994 p.
1065 913 1281 995 conspiravit.

208 1037 223 1091 s
242 1020 348 1104 Perge
372 1021 482 1105 igitur,
501 1031 538 1086 ut
562 1021 644 1104 agis,
670 1041 859 1104 nomenque
883 1030 978 1084 tuum
1002 1022 1199 1085 commenda
1222 1021 1283 1085 im-

240 1131 445 1207 mortalitati,
472 1142 573 1215 atque
604 1130 686 1194 haec
718 1131 830 1193 omnia
860 1150 944 1213 quae
976 1130 1099 1193 habent
1132 1130 1281 1212 speciem

238 1229 364 1320 gloriae
389 1240 542 1304 conlecta
567 1239 770 1303 inanissimis
789 1239 973 1322 splendoris
994 1238 1182 1321 insignibus
1203 1259 1282 1303 con-

238 1356 362 1424 temne,
385 1349 498 1413 brevia
524 1348 638 1411 fucata
666 1349 790 1412 caduca
813 1347 975 1411 existima.
1023 1347 1149 1410 Verum
1174 1348 1282 1412 decus

238 1455 273 1518 in
289 1457 415 1520 virtute
431 1458 577 1540 positum
595 1465 647 1521 est
667 1477 753 1539 quae
774 1456 916 1520 maxime
936 1455 1132 1519 inlustratur
1146 1457 1282 1540 magnis

238 1563 273 1627 in
297 1585 367 1628 rem
393 1587 423 1649 p.
450 1565 586 1629 meritis.
637 1566 720 1629 Eam
744 1565 939 1630 facultatem
963 1564 1066 1629 habes
1089 1564 1280 1642 maximam,

237 1692 336 1754 quam
369 1675 525 1757 quoniam
566 1674 758 1756 complexus
792 1693 838 1749 es,
871 1682 959 1738 tene.
1009 1672 1133 1738 Perfice
1165 1682 1204 1736 ut
1235 1694 1281 1736 ne

236 1781 347 1845 minus
379 1802 433 1846 res
465 1804 496 1865 p.
525 1782 588 1846 tibi
615 1803 713 1865 quam
738 1791 777 1845 tu
804 1781 852 1845 rei
875 1803 906 1864 p.
932 1782 1064 1846 debeas.
1114 1781 1172 1844 Me
1200 1789 1282 1846 tuae

236 1888 410 1972 dignitatis
428 1912 496 1954 non
513 1891 612 1955 modo
628 1891 794 1955 fautorem
812 1890 988 1954 sedetiam
1004 1889 1280 1972 amplificatorem

236 2017 430 2081 cognosces.
481 1999 519 2062 Id
536 2020 613 2063 cum
628 1999 676 2062 rei
692 2020 735 2082 p.,
753 2019 838 2082 quae
854 1998 935 2062 mihi
951 1999 1052 2062 vitast
1068 2017 1142 2062 mea
1158 1998 1279 2075 carior,

236 2115 307 2170 tum
333 2117 468 2171 nostrae
493 2107 736 2178 necessitudini
760 2108 882 2171 debere
907 2127 960 2171 me
992 2107 1111 2171 iudico.
1160 2106 1281 2190 Atque

235 2215 269 2278 in
286 2214 339 2278 his
356 2215 445 2279 curis
462 2237 544 2299 quas
570 2216 697 2280 contuli
712 2217 754 2279 ad
774 2215 973 2299 dignitatem
991 2225 1081 2279 tuam
1098 2214 1171 2297 cepi
1188 2235 1281 2299 mag-

234 2344 311 2387 nam
330 2325 547 2407 voluptatem,
563 2326 651 2407 quod
674 2325 761 2388 bene
788 2325 957 2407 cognitam
981 2324 1063 2387 mihi
1084 2324 1122 2388 T.
1144 2324 1281 2387 Munati

234 2433 444 2514 prudentiam
471 2444 505 2496 et
527 2433 627 2497 fidem
647 2433 755 2516 magis
779 2433 880 2497 etiam
905 2433 1059 2515 perspexi
1084 2431 1117 2494 in
1140 2431 1215 2496 eius
1232 2432 1282 2495 in-

234 2541 384 2604 credibili
400 2562 480 2624 erga
492 2551 526 2604 te
542 2541 778 2604 benevolentia
787 2550 821 2605 et
832 2540 1014 2625 diligentia.
1049 2559 1087 2603 111
1099 2540 1179 2605 Idus
1191 2540 1279 2624 Apr.

530 2749 675 2814 xcvn.
714 2724 831 2836 (rm.
855 2767 904 2814 11.
923 2750 971 2834 9.)

473 2923 506 2971 n.
526 2923 669 2974 anvrvs
689 2924 716 2974 s.
735 2908 769 2974 n'.
781 2924 824 2976 Μ.
844 2922 1035 2974 crcunour.

200 3085 210 3120 1
278 3057 384 3120 Pansa
407 3057 532 3150 amisso
556 3068 718 3140 quantum
744 3057 938 3122 detrimenti
961 3078 1025 3122 res.
1051 3079 1082 3141 p.
1106 3059 1285 3142 acceperit·

231 3185 298 3227 non
322 3175 357 3228 te
381 3165 551 3247 praeterit.
602 3166 702 3230 Nunc
727 3167 928 3231 auctoritate
952 3176 986 3231 et
1011 3166 1193 3249 prudentia
1217 3177 1279 3233 tua

230 3273 413 3355 prospicias
438 3283 570 3355 oportet
588 3295 631 3337 ne
648 3274 774 3340 inimici
792 3275 899 3338 nostri
915 3275 1109 3339 consulibus
1132 3275 1279 3342 sublatis

229 3414 269 3461 dis
293 3413 486 3479 hominibusque
508 3415 624 3479 infestus.
678 3416 728 3466 See
774 3431 826 3465 was
843 3415 925 3465 killed
942 3431 977 3465 on
995 3416 1040 3465 the
1057 3414 1118 3465 field
1135 3415 1166 3464 oi
1181 3415 1277 3476 battle,

228 3480 285 3529 also
299 3481 372 3538 Otto,
384 3481 578 3543 Sprichwb'rter,
594 3495 647 3545 179.
774 3482 849 3532 while
857 3484 1001 3532 Pansawas
1009 3483 1276 3547 mortallywounded,

262 3547 377 3595 XCVII.
425 3549 504 3596 From
528 3549 572 3598 the
601 3563 677 3612 camp
700 3556 726 3597 at
774 3549 825 3597 and
838 3549 898 3598 died
910 3557 962 3597 two
975 3549 1039 3614 days
1050 3550 1123 3598 later.
1150 3549 1193 3598 Cf.
1208 3551 1276 3600 Intr.

229 3613 348 3673 Regium,
373 3615 437 3675 Apr.
462 3627 501 3675 29,
525 3628 557 3678 43
582 3626 631 3662 ac.
683 3616 724 3664 On
772 3631 811 3676 4²·
860 3615 922 3664 Had
951 3616 1004 3665 this
1032 3616 1201 3680 catastrophe
1224 3626 1275 3669 not

228 3677 333 3734 Brutus,
344 3678 377 3726 cf.
395 3680 443 3741 Ep.
458 3680 610 3728 LXXXVI.
629 3680 724 3729 introd.
772 3681 903 3739 occurred,
916 3683 1026 3747 Antony
1037 3682 1125 3732 would
1141 3683 1275 3751 probably

227 3748 299 3788 note.
770 3747 837 3796 have
849 3747 915 3796 been
928 3747 1047 3804 crushed,
1058 3747 1110 3796 and
1122 3749 1167 3798 the
1176 3764 1275 3801 course

263 3817 283 3851 ι.
301 3808 468 3856 consulibus
475 3810 608 3858 sublatis:
620 3811 723 3861 Hirtius
770 3813 799 3862 oi
816 3822 906 3862 events
924 3815 1023 3880 greatly
1036 3813 1163 3877 changed.
1176 3830 1206 3864 as
1225 3816 1274 3867 the
