2814 4330
233 469 314 532 pora
338 449 514 514 incurrens
543 450 750 512 offenderem
783 450 979 532 quempiam.
1045 452 1146 518 Nunc
1180 464 1215 517 et
1256 456 1290 519 id

234 559 344 622 vitabo
362 568 396 620 et
413 557 529 641 loquar
545 559 616 640 ipse
633 567 755 634 tecum,
775 569 808 622 et
831 568 942 622 tamen
968 558 1024 623 illa
1040 581 1125 643 quae
1148 562 1291 627 institu-

235 688 324 730 eram
341 667 382 729 ad
403 677 446 740 te,
465 667 493 729 si
518 667 660 729 Romam
678 687 810 743 venem,
829 667 970 732 mittam.
1022 669 1105 732 Puto
1130 670 1220 733 enim
1252 682 1290 736 te

234 776 499 839 existimaturum
524 796 543 838 a
566 795 620 838 me
646 774 719 839 illos
751 775 854 839 libros
878 795 945 838 non
971 777 1045 840 sine
1069 778 1180 860 aliquo
1205 801 1288 844 meo

202 916 216 966 3
235 885 407 948 stomacho
425 903 500 947 esse
525 883 669 947 relictos.
720 883 873 948 Caesaris
897 905 1018 961 amore,
1037 906 1137 969 quem
1161 888 1203 950 ad
1227 910 1289 952 me

234 993 437 1075 perscripsti,
456 993 553 1056 unice
578 992 741 1069 delector3
766 993 939 1074 promissis
963 993 1003 1057 iis
1023 1014 1108 1076 quae
1133 997 1286 1060 ostendit

235 1122 301 1165 non
331 1101 426 1164 valde
455 1102 595 1183 pendeo
658 1101 730 1164 Nec
759 1100 835 1163 sitio
863 1101 1008 1165 honores
1037 1123 1100 1166 nec
1128 1103 1286 1168 desidero

234 1211 383 1293 gloriam,
402 1210 576 1292 magisque
600 1209 670 1274 eius
690 1209 871 1272 voluntatis
897 1211 1156 1292 perpetuitatem
1181 1233 1285 1295 quam

233 1319 470 1402 promissorum
488 1319 612 1381 exitum
630 1327 804 1401 exspecto;
827 1317 901 1380 vivo
924 1326 1036 1381 tamen
1061 1319 1094 1382 in
1118 1340 1158 1383 ea
1181 1322 1285 1385 ambi-

234 1428 326 1490 tione
344 1436 376 1489 et
397 1428 519 1501 labore,
539 1436 708 1509 tamquam
733 1427 766 1490 id
783 1427 871 1509 quod
897 1446 963 1489 non
989 1427 1122 1509 postulo
1147 1449 1285 1510 exspec-

201 1566 216 1611 4
234 1546 312 1600 tem.
364 1536 462 1618 Quod
480 1556 533 1598 me
550 1536 592 1598 de
608 1536 759 1599 versibus
776 1535 938 1600 faciendis
961 1555 1068 1618 rogas,
1088 1535 1284 1602 incredibile

235 1655 296 1720 est,
324 1646 369 1708 mi
392 1645 506 1720 frater,
532 1664 631 1727 quam
657 1664 772 1727 egeam
802 1653 962 1727 tempore,
989 1665 1052 1709 nec
1084 1665 1165 1709 sane
1197 1647 1283 1711 satis

235 1774 445 1817 commoveor
468 1753 579 1816 animo
598 1754 639 1816 ad
665 1774 704 1816 ea
728 1753 879 1836 quaevis
904 1754 1061 1817 canenda.
1110 1752 1284 1817 Ararvro'»

235 1884 302 1928 σεις
327 1882 405 1924 vero
435 1863 475 1924 ad
502 1882 542 1924 ea
569 1882 654 1944 quae
683 1861 754 1943 ipse
779 1882 842 1944 ego
871 1882 913 1924 ne
942 1861 1120 1944 cogitando
1145 1863 1282 1946 quidem
1384 1905 1385 1936 ,

144 2015 150 2022 -
235 1991 430 2053 consequor,
446 1979 492 2045 tu,
512 1971 567 2052 qui
584 1989 700 2033 omnes
723 1970 788 2033 isto
814 1970 991 2053 eloquendi
1016 1979 1049 2033 et
1074 1971 1281 2053 exprimendi
1384 2023 1385 2032 ,

235 2100 358 2162 genere
376 2079 549 2161 superasti,
569 2099 588 2141 a
609 2099 663 2141 me
687 2079 799 2161 petis?
849 2080 1007 2142 Facerem
1024 2089 1136 2142 tamen
1153 2090 1190 2142 ut
1207 2101 1282 2162 pos«
1384 2143 1385 2152 ,

235 2209 315 2263 sem,
341 2189 408 2262 sed,
435 2187 523 2270 quod
553 2196 587 2250 te
615 2187 752 2250 minime
780 2187 878 2270 fugit,
904 2185 988 2270 opus
1017 2197 1068 2251 est
1093 2189 1134 2251 ad
1163 2197 1281 2270 poema
1384 2229 1385 2254 r

235 2299 377 2380 quadam
409 2297 511 2360 animi
543 2296 721 2371 alacritate,
756 2317 855 2378 quam
888 2296 986 2378 plane
1018 2296 1097 2359 mihi
1128 2307 1281 2380 tempora

236 2406 391 2489 eripiunt.
443 2405 588 2468 Abduco
612 2424 666 2467 me
692 2404 845 2488 equidem
870 2406 912 2469 ab
937 2405 1029 2468 omni
1055 2405 1103 2468 rei
1126 2406 1280 2487 publicae

236 2536 314 2580 cura
338 2515 491 2596 dedoque
519 2513 652 2588 litteris,
681 2514 740 2577 sed
771 2523 886 2576 tamen
918 2513 1074 2578 indicabo
1105 2514 1165 2577 tibi
1192 2515 1279 2596 quod

236 2623 426 2687 mehercule
451 2623 485 2685 in
510 2622 625 2704 primis
650 2631 685 2686 te
714 2621 858 2685 celatum
876 2621 1037 2686 volebam.
1087 2621 1216 2705 Angor,
1235 2623 1279 2686 mi

236 2731 433 2796 suavissime
464 2730 578 2806 frater,
604 2725 711 2813 angor
739 2730 864 2794 nullam
893 2750 968 2794 esse
999 2751 1068 2794 rem
1101 2731 1276 2812 publicam,

236 2840 328 2904 nulla
359 2839 489 2914 iudicia,
524 2849 744 2922 nostrumque
777 2839 839 2903 hoc
871 2849 1005 2921 tempus
1037 2839 1166 2914 aetatis,
1192 2840 1279 2922 quod

231 281 267 332 96
572 281 739 332 crcano’s
764 282 937 332 narrans.
1096 284 1159 350 [ap.
1174 289 1291 337 xxm,

1384 829 1385 888 l

1384 931 1385 1004 l

1384 1015 1385 1048 l

1384 1065 1385 1110 r

1384 1195 1385 1250 l

235 2991 336 3055 loquar
348 2991 410 3054 ipse
426 2997 534 3039 tecum:
553 2989 605 3039 this
618 3005 732 3053 purpose
784 2996 838 3039 tum
857 3006 941 3049 suave,
959 2991 1027 3039 mihi
1042 2990 1142 3054 quidem
1162 2992 1202 3040 uti
1217 2991 1279 3040 vide·

237 3059 328 3106 Cicero
338 3056 501 3113 abandoned,
509 3057 643 3119 retuming
654 3064 683 3105 to
692 3057 733 3106 bis
784 3064 837 3114 tur,
862 3055 919 3106 ἔπος
940 3059 979 3105 ad
1004 3055 1279 3107 Caesarea-sm

236 3125 344 3186 original
358 3124 427 3187 plan.
462 3124 512 3171 His
527 3123 617 3172 letters
632 3123 661 3172 of
681 3123 733 3173 this
784 3121 891 3177 πόσειςε
903 3124 1016 3187 perhaps
1028 3124 1089 3173 with
1106 3122 1237 3173 reference
1252 3132 1278 3172 to

236 3190 326 3254 period
355 3189 460 3239 contain
486 3205 565 3256 many
589 3190 733 3240 references
785 3190 830 3239 the
854 3189 1010 3254 descriptive
1034 3190 1152 3253 portioris
1179 3190 1207 3238 of
1237 3191 1279 3240 the

237 3268 264 3307 to
277 3257 322 3306 the
333 3258 364 3306 de
376 3259 415 3306 Re
428 3258 500 3314 Pub,
512 3273 555 3320 ag.
571 3257 600 3316 Q.
605 3257 647 3321 fr.
663 3272 686 3305 2.
703 3270 732 3306 12
784 3272 877 3320 poem;
898 3257 930 3306 ci.
948 3274 1011 3322 quos
1026 3265 1057 3306 tu
1073 3259 1144 3315 situs,
1162 3265 1220 3314 etc,
1233 3257 1277 3320 Ep.

238 3325 300 3388 (14).
312 3339 320 3372 1
332 3342 338 3384 ;
350 3326 437 3384 ΑΜ.
449 3323 485 3372 16.
497 3336 522 3383 ²3
537 3323 734 3373 Att.6.1.8.-
786 3324 878 3372 XXII.
886 3338 950 3385 4.—
960 3324 1119 3386 superasti:
1135 3323 1169 3372 cf.
1179 3324 1207 3383 Q.
1208 3325 1249 3388 fr.
1257 3338 1277 3388 3.

236 3392 350 3440 relictos
359 3406 417 3440 :see
426 3391 489 3440 Crit.
500 3390 620 3454 Append.
634 3390 733 3456 Tyrrell
785 3404 808 3451 4.
819 3405 834 3452 4
846 3392 893 3440 tibi
906 3392 980 3439 r'stius
990 3393 1093 3453 generis
1109 3392 1138 3438 in
1153 3392 1279 3440 scribendo

236 3466 355 3521 suggests
368 3458 462 3522 refictos
478 3456 685 3521 (‘remodeled').
777 3453 883 3520 priores
886 3464 975 3520 partes
982 3457 1066 3505 tribuo
1074 3473 1152 3522 quam
1166 3458 1238 3505 mihi.
1248 3485 1279 3496 -

268 3540 291 3584 4.
311 3525 460 3574 versibus:
486 3523 519 3572 cf.
542 3539 631 3572 versus
654 3539 733 3587 rogas,
785 3524 862 3587 quod
882 3523 1086 3587 (mehercule):
1109 3523 1152 3572 for
1165 3523 1207 3573 the
1219 3539 1277 3581 acc,

237 3592 284 3655 Ep.
303 3592 394 3640 XXII.
413 3605 429 3652 4
445 3606 469 3638 n.
512 3590 553 3638 ef.
572 3590 627 3638 also
648 3590 677 3649 Q.
690 3590 732 3654 fr.
786 3591 818 3638 cf.
832 3591 890 3639 Ter.
903 3591 964 3638 Hec.
977 3591 1025 3656 645
1043 3607 1120 3638 nosne
1135 3590 1180 3639 hoc
1193 3592 1278 3639 celatos

236 3671 260 3722 3.
272 3672 294 3717 4.
306 3671 329 3718 4.
365 3659 457 3707 Cicero
469 3658 621 3720 apparently
633 3654 734 3721 yielded
785 3656 905 3704 tamdiu}
950 3657 1097 3705 Elsewhere
1112 3656 1204 3705 Cicero
1221 3671 1277 3705 uses

236 3732 263 3772 at
281 3725 332 3772 last
347 3732 380 3772 to
404 3723 445 3772 his
465 3722 593 3771 brother's
617 3730 733 3787 request;
784 3724 815 3771 de
839 3726 880 3787 (or
903 3723 941 3785 in)
963 3723 1023 3771 with
1049 3723 1093 3772 the
1114 3723 1165 3772 abl.
1186 3722 1214 3771 of
1235 3724 1277 3772 the

236 3789 269 3839 cf.
295 3790 324 3849 Q.
340 3791 382 3854 fr.
408 3803 430 3853 3.
453 3803 476 3852 9.
501 3789 517 3837 6
541 3789 616 3837 habeo
639 3790 734 3837 absolu·
785 3789 867 3850 thing,
876 3805 918 3850 eg.
927 3789 997 3837 debes
1007 3789 1281 3838 existimaremur·-
