2814 4328
144 271 148 278 ’
210 301 259 357 1⁷2
547 304 716 355 crcnnos
740 304 914 354 intrans.
1151 303 1215 370 [ap.
1232 307 1261 358 1.

209 472 349 536 eandem
367 471 530 536 rationem
546 472 620 536 fore
641 471 795 536 Caesaris
820 471 854 534 in
872 471 1080 536 dimittendis
1104 473 1261 537 adversa-

209 580 267 644 riis
291 590 325 644 et
348 580 599 646 condicionibus
623 580 781 656 ferendis,
800 599 899 644 erras.
950 579 1043 643 Nihil
1071 580 1136 644 nisi
1160 590 1260 645 atrox

209 699 243 753 et
260 709 395 753 saevum
413 689 538 772 cogitat
555 698 656 772 atque
672 688 773 752 etiam
790 687 944 772 loquitur.
996 689 1104 752 Iratus
1122 691 1260 753 senatui

210 797 299 874 exiit,
319 797 371 861 his
388 796 694 861 intercessionibus·
709 797 808 879 plane
829 796 987 861 incitatus
1012 806 1079 874 cst;
1104 817 1172 859 non
1189 819 1259 862 me-

177 906 362 970 2hercu1es
386 905 449 968 erit
473 887 701 988 deprecationi
725 904 827 969 locus.
871 904 1000 988 Quare,
1020 905 1047 966 si
1072 904 1135 971 tibi
1158 914 1206 981 tu,
1229 907 1259 969 si

209 1013 296 1077 tilius
313 1013 440 1087 unicus,
459 1013 487 1076 si
504 1009 633 1087 domus,
652 1013 681 1076 si
697 1033 775 1095 spes
798 1021 876 1076 tuae
893 1013 1046 1096 reliquae
1070 1013 1134 1077 tibi
1158 1034 1258 1078 carae

209 1131 297 1197 sunt,
316 1121 344 1184 si
360 1121 483 1204 aliquid
501 1121 587 1203 apud
605 1130 639 1184 te
662 1141 733 1196 nos,
752 1121 781 1184 si
797 1121 849 1183 vir
869 1121 1025 1203 optimus,
1043 1140 1149 1204 gener
1165 1131 1255 1199 tuus,

209 1231 366 1305 valemus,
385 1249 524 1312 quorum
541 1229 711 1292 fortunam
728 1250 795 1292 non
813 1230 915 1292 debes
933 1229 1017 1292 velle
1042 1231 1256 1306 conturbare,

209 1346 246 1400 ut
275 1357 347 1400 cam
377 1358 519 1414 causam,
545 1337 579 1400 in
607 1337 726 1420 quoius
750 1337 890 1402 victoria
921 1338 1017 1400 salus.
1042 1347 1158 1401 nostra
1190 1349 1256 1415 est,

127 1529 128 1534 ἵ
209 1445 320 1510 odisse
337 1455 393 1508 aut
411 1445 599 1529 relinquere
615 1466 774 1528 cogamur
795 1455 851 1508 aut
876 1445 1010 1527 impiam
1035 1445 1257 1528 cupiditatem

210 1563 326 1619 contra
343 1554 484 1617 salutem
502 1562 594 1617 tuam
611 1553 1000 1636 habeamus—denique
1025 1552 1104 1616 illud
1131 1554 1255 1638 cogita,

208 1662 297 1745 quod
321 1662 471 1725 offensae
495 1662 597 1725 fuerit
626 1661 660 1725 in
692 1662 758 1726 ista
790 1661 1013 1736 cunctatione,
1040 1671 1075 1724 te
1107 1662 1258 1742 subisse,

209 1791 298 1834 nunc
315 1779 350 1833 te
366 1779 483 1833 contra
498 1770 659 1834 victorem
686 1770 863 1834 Caesarem
888 1770 1009 1845 facere,
1028 1789 1126 1852 quem
1143 1770 1257 1835 dubiis

209 1879 309 1942 rebus
325 1878 456 1941 laedere
473 1878 619 1953 noluisti,
638 1888 671 1941 et
688 1880 728 1942 ad
754 1899 811 1942 eos
836 1877 970 1961 fugatos
994 1876 1153 1942 accedere
1170 1900 1256 1962 quos

209 1987 398 2051 resistentis
416 1985 509 2069 sequi
526 1987 681 2062 nolueris,
700 2007 850 2051 summae
866 1986 1030 2050 stultitiae
1054 1996 1114 2050 est.
1167 1987 1254 2052 Vide

210 2115 262 2170 ne,
283 2096 361 2158 dum
386 2095 489 2176 pudet
514 2103 548 2157 te
572 2115 688 2176 parurn
712 2094 907 2177 optimatem
933 2114 1017 2171 esse,
1043 2114 1158 2177 parurn
1184 2096 1252 2159 dili·

176 2213 330 2287 3genter
352 2203 431 2286 quid
455 2202 618 2284 optimum
642 2203 686 2266 sit
710 2203 824 2286 eligas.
882 2202 980 2286 Quod
1005 2202 1033 2266 si
1056 2211 1166 2266 totum
1190 2203 1257 2268 tibi

208 2405 285 2454 ti'sche
295 2405 445 2470 Streifiiige,
458 2403 490 2453 60
505 2403 704 2453 ff.-eendem
756 2404 879 2467 quicquid
892 2404 960 2452 mihi
970 2405 1090 2465 placeret,
1108 2404 1139 2452 id
1152 2411 1252 2454 rectum

209 2472 367 2521 rationem:
391 2473 429 2519 ie.
447 2486 476 2520 as
496 2471 523 2520 in
541 2470 585 2520 the
600 2485 660 2519 case
677 2469 707 2518 ol
755 2471 988 2533 reprimentem,
1007 2471 1255 2536 idanimoaequis·

210 2539 344 2587 Domitius
366 2546 393 2587 at
417 2536 615 2585 Corfinium—
633 2537 703 2586 nihil
755 2539 819 2585 simo
840 2537 1136 2601 sequebamr.-gener
1162 2545 1254 2588 tuus:

209 2605 333 2669 cogitat:
356 2620 400 2654 see
418 2611 480 2652 note
503 2619 538 2651 on
559 2604 630 2652 nihil
652 2606 705 2652 nisi
757 2605 785 2651 P.
803 2604 942 2652 Cornelius
961 2603 1106 2660 Dolabella,
1122 2603 1181 2652 who
1199 2620 1255 2656 was

209 2674 287 2729 triste,
304 2670 394 2719 above.
405 2699 438 2707 -
447 2669 525 2719 exiit:
542 2686 575 2718 sc.
586 2686 619 2720 ex
630 2671 703 2726 urba·
755 2685 771 2718 a
794 2668 962 2732 pronounced
983 2669 1130 2718 Caesarian.
1138 2697 1171 2704 -
1181 2670 1254 2722 illud

209 2738 252 2787 for
263 2738 308 2787 the
322 2752 415 2786 reason
433 2735 462 2784 of
480 2736 598 2786 Caesar’s
616 2751 703 2799 anger,
755 2737 869 2800 cogita:
892 2751 935 2784 see
956 2743 1018 2785 note
1035 2751 1070 2784 ou
1091 2737 1166 2792 nihil,
1188 2749 1251 2784 1.—

209 2809 253 2854 se'e
276 2805 352 2853 Caes.
376 2805 408 2852 B.
432 2804 459 2853 C.
483 2817 503 2851 1.
525 2803 704 2867 33.—inter-
754 2803 904 2853 offensae:
922 2817 957 2850 on
974 2803 1075 2866 offensa,
1095 2803 1184 2867 Meyer
1199 2803 1251 2866 (Dr

210 2871 409 2920 cessionibus:
427 2868 472 2918 the
487 2869 589 2919 tribune
608 2871 636 2918 1„
650 2870 705 2918 Me·
757 2871 884 2919 Ciceronis
900 2871 929 2918 in
951 2871 1062 2931 epistolis
1084 2869 1122 2918 ad
1135 2871 1252 2919 Atticum

210 2938 287 2987 tellus
309 2936 418 2986 forbade
445 2936 563 2986 Caesar's
589 2936 704 2985 removal
755 2951 875 2992 sermone,
891 2936 930 2998 17)
949 2951 1025 3000 says:
1044 2935 1125 2985 ‘used
1143 2936 1205 3001 only
1221 2936 1251 2986 in

209 3003 239 3052 of
250 3004 294 3052 the
304 3011 419 3052 treasure
430 3002 499 3051 from
511 3002 556 3052 the
567 3003 664 3066 temple
676 3002 705 3050 of
755 3002 955 3051 conversation)
971 3002 1065 3051 Cicero
1074 3002 1178 3051 himself
1187 3002 1255 3054 does

211 3070 314 3127 Saturn,
326 3069 378 3118 and
390 3068 509 3133 opposed
521 3070 554 3118 all
573 3069 614 3118 his
629 3070 704 3133 pians
755 3076 801 3118 not
814 3083 860 3118 use
875 3068 920 3117 the
932 3069 1003 3117 word
1021 3084 1085 3118 even
1102 3069 1128 3118 in
1147 3069 1187 3118 his
1205 3070 1253 3118 let-

209 3137 235 3184 in
249 3137 294 3194 the
311 3144 407 3186 senate
417 3135 639 3186 —mehercules
652 3152 658 3183 ε
671 3134 703 3184 cf.
756 3143 816 3193 ters,
824 3135 973 3200 employing
980 3137 1083 3200 ‹ffensio
1090 3136 1115 3184 in
1125 3136 1159 3184 its
1167 3135 1253 3185 stead

209 3205 324 3260 mercule,
337 3204 385 3266 Ep.
399 3203 485 3252 XXV.
499 3217 514 3268 3
527 3219 551 3250 n.
756 3202 813 3251 The
831 3217 902 3250 more
920 3202 1058 3267 colloquial
1074 3203 1171 3251 writers
1190 3201 1219 3250 of
1236 3218 1255 3252 a

244 3284 265 3318 a.
278 3271 393 3320 domus:
407 3269 521 3319 Cicero’s
532 3267 622 3334 family
631 3284 704 3325 were,
755 3269 820 3317 later
842 3267 941 3332 period,
959 3269 1079 3319 however
1104 3269 1156 3332 (eg.
1176 3269 1252 3327 Plin,

210 3336 336 3394 however,
353 3336 445 3400 urging
465 3336 519 3384 him
537 3342 565 3384 to
586 3335 641 3400 join
660 3335 704 3384 the
757 3335 836 3391 Suet,
860 3334 910 3383 and
940 3336 1063 3398 Petron.),
1090 3351 1136 3384 use
1160 3335 1181 3384 it
1203 3335 1255 3386 fre

211 3404 372 3468 Pompeiane.
411 3402 452 3451 Cf.
465 3404 518 3451 An.
530 3416 554 3464 9.
566 3402 590 3451 6.
602 3415 619 3462 4
630 3409 705 3464 prae·
755 3402 1090 3467 quently.-optimatem
1107 3435 1135 3451 ..
1152 3436 1158 3450 .
1175 3403 1255 3466 opti-

208 3472 296 3519 sertin
304 3485 360 3518 eum
369 3472 391 3517 ii
397 3471 454 3532 ipsi,
462 3485 571 3533 quornm
579 3484 704 3532 egocausa
755 3482 835 3518 mum
846 3485 851 3515 :
865 3468 909 3516 the
921 3469 1036 3531 singular
1046 3468 1115 3517 form
1128 3469 1253 3532 optima·

208 3537 326 3585 timidius
336 3552 376 3585 me
379 3537 506 3602 fortunae
514 3536 703 3592 committebam,
755 3542 824 3593 tem,
837 3535 920 3584 which
938 3536 959 3584 is
977 3551 1038 3601 very
1050 3550 1106 3585 rare
1123 3535 1149 3584 in
1166 3536 1253 3593 Latin,

209 3619 277 3651 uxor
280 3603 343 3666 filia
358 3604 488 3652 Cicerones
494 3603 575 3663 pueri
585 3617 626 3649 me
637 3602 708 3649 illud
755 3601 776 3649 is
796 3601 860 3650 used
880 3601 942 3650 here
958 3601 1002 3650 ior
1019 3603 1063 3652 the
1080 3601 1144 3652 sake
1160 3601 1189 3650 oi
1206 3602 1254 3652 the

210 3669 308 3732 (iathe
316 3683 393 3718 cause
401 3668 430 3716 of
438 3667 705 3733 Pompeylsequimal-
754 3683 808 3730 pun
826 3668 886 3716 with
908 3669 1059 3733 optimum.
1094 3668 1195 3718 ‘Don’t
1218 3668 1254 3719 be

207 3735 267 3790 lent,
279 3735 325 3783 hoc
335 3741 410 3796 turpe
420 3741 445 3783 et
454 3750 494 3783 me
510 3734 646 3795 indignum
657 3741 704 3796 pu·
754 3748 784 3782 so
807 3733 880 3797 good
901 3750 916 3782 a
937 3736 1068 3785 noblenrnn
1088 3747 1118 3782 as
1136 3741 1165 3784 to
1188 3735 1254 3786 shut

207 3806 303 3865 tarent:
315 3815 375 3848 nam
387 3800 498 3860 Quintus
503 3802 604 3864 quidem
605 3802 702 3865 frater,
754 3815 819 3865 your
831 3816 891 3865 eyes
904 3808 932 3849 to
944 3800 1012 3850 what
1024 3802 1047 3852 is
1059 3802 1145 3852 noble!
