2814 4328
114 304 192 352 Fam·
207 315 230 364 9·
243 300 280 366 9·]

462 298 630 347 CICERO’S
655 299 829 349 LETTERS.
1122 301 1171 353 179

115 477 293 552 praeterea
317 466 505 531 rectissime
531 476 609 529 sunt
634 467 721 548 apud
746 475 781 530 te
805 468 925 532 omnia.
977 468 1052 532 Etsi
1077 469 1168 535 nullo

114 589 271 659 ternpore
288 577 322 639 in
340 575 565 657 suspicionem
583 575 644 638 tibi
658 576 758 638 debui
772 576 895 652 venire,
911 577 1055 659 partium
1069 599 1169 643 causa

114 687 231 768 potius
256 705 355 768 quam
380 694 439 747 tua
463 682 525 746 tibi
551 684 690 746 suadere
714 693 751 746 ut
775 693 811 747 te
835 694 891 748 aut
918 705 994 749 cum
1024 686 1168 752 Caesare

115 793 361 875 nobiscumque
383 792 604 873 coniungeres
629 801 685 854 aut
710 802 803 856 certe
827 792 861 855 in
886 793 992 856 otium
1013 795 1164 873 referres

114 901 297 984 praecipue
322 921 411 965 nunc
436 900 501 962 iam
527 900 686 964 inclinata
706 901 846 964 victoria
870 922 913 965 ne
936 922 1073 984 possum
1098 905 1166 987 qui-

114 1015 193 1076 dem
223 1013 257 1075 in
284 1012 385 1075 ullam
409 1011 507 1074 aliam
535 1011 682 1076 incidere
711 1013 903 1094 opinionem
930 998 995 1078 nisi
1021 1015 1055 1078 in
1081 1036 1163 1093 eam,

114 1143 182 1204 qua
207 1121 335 1185 scilicet
364 1121 426 1183 tibi
460 1121 600 1184 suadere
624 1121 738 1185 videar
763 1123 849 1205 quod
883 1123 937 1205 pie
961 1133 1073 1187 tacere
1098 1145 1164 1188 non

114 1230 254 1310 possim.
304 1229 356 1291 Tu
381 1238 504 1304 autem,
530 1229 576 1291 mi
602 1213 729 1305 Cicero,
758 1231 806 1295 sic
835 1232 917 1296 haec
943 1231 1087 1314 accipies
1116 1243 1162 1309 ut,
1246 1230 1249 1234 ’

115 1338 188 1401 sive
205 1338 436 1419 probabuntur
452 1337 513 1399 tibi
531 1337 601 1400 sive
620 1358 687 1401 non
713 1340 952 1420 probabuntur,
970 1341 1013 1404 ab
1036 1342 1164 1423 optimo

114 1457 208 1510 certe
233 1446 345 1509 animo
370 1466 408 1508 ac
425 1445 634 1508 deditissimo
662 1447 724 1510 tibi
750 1457 782 1510 et
809 1448 957 1531 cogitata
981 1459 1015 1512 et
1040 1451 1164 1532 scripta

114 1575 191 1617 esse
209 1555 344 1617 iudices.
395 1552 647 1618 Animadvertis
673 1555 733 1619 Cn.
755 1556 947 1644 Pompeium
973 1578 1035 1621 nec
1060 1559 1195 1621 nomi-2

115 1663 169 1725 nis
187 1662 238 1725 sui
256 1682 318 1725 nec
336 1681 445 1724 rerum
463 1671 634 1744 gestarum
659 1662 764 1745 gloria
789 1685 896 1748 neque
921 1665 1020 1728 etiam
1046 1687 1160 1748 regum

113 1792 153 1834 ac
183 1770 356 1832 nationum
386 1769 550 1834 clientelis
578 1791 660 1853 quas
690 1782 860 1836 ostentare
889 1775 1005 1837 crebro
1032 1775 1160 1838 solebat

114 1899 192 1942 esse
208 1888 329 1952 tutum,
349 1887 382 1940 et
399 1878 463 1941 hoc
480 1878 590 1954 etiam,
611 1881 698 1961 quod
724 1881 839 1944 infimo
864 1882 983 1965 cuique
1007 1884 1158 1966 contigit,

113 1986 161 2048 illi
188 2005 256 2048 non
281 2005 381 2066 posse
405 1987 610 2070 contingere,
638 1998 674 2050 ut
699 1988 842 2052 honeste
867 1991 1018 2072 effugere
1042 1992 1158 2072 possit,

112 2094 210 2176 pulso
229 2079 335 2169 Italia,
353 2094 484 2158 amissis
503 2095 688 2177 Hispaniis,
709 2108 806 2179 capto
824 2099 971 2163 exercitu
989 2109 1157 2175 veterano,

113 2202 362 2267 circumvallato
388 2223 477 2266 nunc
495 2204 648 2287 denique,
669 2207 756 2287 quod
782 2207 895 2270 nescio
910 2219 962 2270 'an
988 2208 1068 2270 nulli
1092 2229 1160 2270 um-

115 2366 155 2415 16.
173 2379 235 2430 15.1
257 2367 279 2413 is
296 2367 341 2414 etri
355 2367 423 2415 mihi
439 2365 571 2413 nuntiavit
587 2370 609 2412 te

108 2435 191 2495 plane
199 2434 273 2496 febri
288 2449 373 2482 carere
390 2439 414 2480 et
430 2433 489 2480 belle
501 2432 591 2480 habere
597 2446 609 2488 ;

107 2509 162 2562 pro
180 2501 252 2547 Mur.
273 2512 303 2559 14
321 2499 378 2547 bene
397 2499 475 2546 habet.
511 2499 534 2546 A
553 2498 611 2546 sim·

113 2566 162 2614 ilar
189 2565 286 2628 ellipsis
310 2580 400 2614 occurs
423 2565 449 2613 in
472 2565 610 2628 colloquial

114 2633 194 2680 Latin
208 2632 268 2680 with
278 2633 374 2696 facere,
387 2648 466 2694 agere,
480 2639 610 2694 capessere,

107 2701 226 2761 probare,
250 2701 365 2762 recipere,
393 2706 440 2747 etc.
452 2727 486 2734 —
500 2706 610 2748 certum

112 2766 194 2814 scio:
214 2765 270 2813 that
282 2772 376 2813 certum
393 2765 419 2812 in
432 2765 476 2813 the
489 2780 611 2814 common

110 2833 222 2895 phrases
245 2839 340 2881 certum
368 2834 419 2881 scio
440 2831 492 2880 and
515 2838 609 2880 certum

112 2901 197 2947 nescio
205 2899 227 2947 is
237 2914 269 2946 an
282 2898 379 2947 adverb
391 2899 413 2947 is
425 2898 529 2947 evident
542 2898 610 2946 from

112 2967 169 3014 Cic.
177 2972 230 3028 pro
241 2967 344 3020 Scauro,
358 2980 390 3030 34
402 2967 449 3030 qui
463 2968 515 3014 sive
527 2967 611 3028 patri-

110 3036 166 3080 cius
189 3035 242 3081 sive
266 3033 379 3095 plebeius
403 3039 471 3089 esset,
496 3033 609 3081 nondum

109 3102 180 3148 enim
192 3107 286 3148 certum
297 3103 472 3157 constituerat;
482 3099 547 3148 Hor.
556 3101 609 3148 Sat.

113 3180 135 3214 2.
155 3167 178 3216 6.
199 3181 228 3227 27
243 3168 378 3228 postmodo,
397 3169 467 3230 quod
487 3167 525 3214 mi
542 3167 609 3222 obsit,

111 3236 182 3282 clare
199 3240 343 3298 certumque
360 3234 459 3288 locuto;
480 3247 501 3280 2.
522 3246 542 3297 5.
564 3246 611 3281 100

111 3308 208 3348 certum
243 3302 356 3362 vegetans
397 3299 565 3363 (Hofmann).
578 3327 612 3335 -

112 3366 278 3415 rectissime
297 3373 382 3417 sunt:
406 3367 438 3414 cf.
452 3366 515 3415 Intr.
528 3366 567 3431 85.
578 3394 611 3402 -

112 3434 252 3483 suadere:
270 3434 295 3482 in
310 3433 459 3497 apposition
472 3440 501 3482 to
514 3433 611 3497 suspi-

112 3501 239 3558 cionem
252 3500 285 3549 ci.
295 3501 413 3556 accedere,
423 3501 470 3563 Ep.
482 3501 510 3548 L.
521 3514 535 3564 3
546 3515 570 3548 n.
578 3528 612 3535 —

112 3568 251 3616 inclinata
273 3567 402 3625 victoria,
426 3568 493 3614 since
515 3569 612 3628 victory

112 3635 161 3682 kas
169 3635 274 3696 already
284 3635 380 3682 turned
388 3633 467 3697 (from
480 3633 524 3682 the
538 3635 612 3681 Pom·

112 3701 224 3764 peians).
233 3729 266 3736 -
274 3701 314 3749 mi
325 3701 436 3749 Cicero:
450 3699 483 3748 cf.
493 3703 531 3748 mi
540 3702 612 3748 Pom·

109 3770 181 3830 poni,
193 3768 240 3830 Ep.
253 3768 285 3815 X.
295 3770 407 3817 n.-ab
420 3767 528 3816 animo:
542 3773 610 3814 most

112 3834 212 3884 editors
225 3833 306 3883 strike
317 3842 363 3883 out
376 3836 421 3893 ab,
431 3834 479 3882 but
489 3833 533 3882 the
546 3833 611 3898 style

666 2363 695 2410 of
704 2363 843 2413 Dolabella
851 2365 873 2414 is
884 2380 944 2430 very
953 2365 1099 2430 colloquial,
1108 2365 1159 2415 and

666 2430 711 2479 the
736 2432 810 2479 Latin
835 2432 863 2480 oi
890 2431 1018 2498 everyday
1040 2432 1084 2481 life
1108 2448 1160 2482 was

664 2496 729 2544 fond
750 2507 797 2546 not
821 2499 882 2564 only
898 2498 927 2546 of
950 2499 1159 2562 personification

666 2563 691 2610 in
706 2565 818 2626 general,
830 2565 877 2613 but
895 2565 924 2612 of
941 2565 986 2614 the
1003 2575 1160 2628 representa·

666 2629 721 2678 tion
735 2631 763 2678 oi
775 2631 819 2680 the
831 2631 972 2680 individual
985 2632 1019 2696 by
1028 2633 1079 2682 this
1089 2633 1159 2682 word

664 2699 788 2756 animum·
807 2697 840 2746 ci.
852 2702 939 2747 anime
955 2701 994 2746 mi
1010 2699 1062 2762 (eg.
1077 2701 1158 2748 Plaut.

668 2765 742 2812 Cure.
759 2764 804 2829 165
816 2783 821 2823 ;
835 2766 904 2814 Men.
917 2765 973 2827 182)
985 2781 1014 2814 as
1026 2781 1042 2814 a
1054 2775 1119 2815 term
1132 2766 1161 2814 oi

664 2831 842 2890 endearment3
854 2831 887 2880 cf.
896 2833 952 2880 also
961 2833 1008 2895 Ep.
1018 2832 1159 2881 LXXVII.

667 2911 676 2944 1
698 2901 849 2960 praesertim
871 2900 912 2947 vel
926 2901 1014 2948 animo
1030 2901 1161 2964 defetigato

663 2973 706 3012 tuo
722 2967 769 3028 qui
787 2982 857 3014 nunc
876 2969 987 3030 requiem
1005 2973 1113 3028 quaerat
1128 2982 1160 3014 ex

664 3033 765 3096 mugnis
783 3033 983 3095 occupationibus
990 3049 1002 3090 ,·
1020 3034 1068 3096 Ep.
1087 3034 1159 3081 LXI.

664 3098 679 3146 8
698 3101 753 3146 volo
775 3102 842 3148 enim
866 3101 952 3148 videre
973 3102 1090 3148 animum
1115 3102 1161 3163 qur¹

664 3167 732 3214 mihi
745 3168 838 3215 audeat
848 3168 896 3214 ista
909 3201 915 3211 .
929 3202 933 3212 .
949 3202 953 3212 .
966 3175 1097 3228 apponere.

699 3247 720 3280 2.
745 3241 890 3282 ostentare
913 3235 1012 3293 crebro
1031 3232 1159 3283 solebat:

664 3299 696 3347 cf.
709 3300 771 3348 Intr.
782 3313 821 3363 79.
830 3329 862 3336 -
872 3299 963 3348 ltalia:
976 3300 1059 3348 sorex
1073 3301 1159 3349 Italia.

665 3365 757 3415 Cicero
770 3383 849 3414 never
860 3367 938 3415 omits
953 3383 985 3414 ex
997 3367 1058 3414 with
1071 3382 1160 3415 names

664 3433 693 3480 ol
710 3433 849 3489 countries,
863 3432 922 3490 and,
935 3434 995 3481 with
1012 3433 1056 3481 the
1072 3449 1161 3496 excep·

665 3500 719 3547 tion
728 3500 757 3546 of
766 3515 815 3547 one
824 3515 933 3562 passage
940 3500 965 3548 in
975 3500 1072 3548 Caesar
1081 3501 1123 3562 (B.
1132 3502 1159 3549 C.

665 3581 687 3630 3.
711 3565 760 3630 58),
779 3566 891 3629 perhaps
916 3566 959 3615 the
983 3567 1160 3615 construction

664 3631 728 3680 does
741 3643 788 3680 not
801 3648 879 3681 occur
887 3633 912 3680 in
923 3649 1000 3696 prose
1010 3633 1085 3695 again
1097 3635 1161 3681 until

665 3713 702 3747 we
715 3699 790 3748 reach
807 3699 890 3748 Silver
904 3699 1029 3748 Latin-
1039 3700 1162 3749 circum-

664 3765 788 3814 vallato:
808 3782 823 3814 a
841 3765 934 3814 dative.
976 3768 1091 3831 Pompey
1109 3782 1161 3815 was

665 3831 828 3881 surrounded
851 3831 885 3898 by
908 3833 1027 3882 Caesar's
1056 3833 1160 3890 forces,-
