2814 4330
134 290 209 343 ram.
223 304 247 352 7.
262 287 312 356 m]
481 287 648 338 crcano’s
673 289 847 339 narrans.
1118 289 1185 372 ¹lm

134 468 233 523 tuum
250 459 434 522 discessum
451 478 472 520 a
488 457 583 521 nobis
600 457 751 520 futurum
769 469 877 540 putes
929 458 985 523 Sic
1010 460 1099 522 enim
1124 461 1186 523 tibi
1204 493 1220 540 4

134 567 338 650 persuadeas
347 565 457 641 velim,
471 586 574 628 unum
587 565 668 628 mihi
681 586 755 629 esse
768 566 928 630 solacium
939 587 1041 651 quare
1054 567 1185 634 facilius

134 675 264 760 possim
280 673 349 757 pati
362 683 397 738 te
410 694 486 737 esse
503 673 576 737 sine
589 673 695 749 nobiS,
710 674 739 737 si
752 672 813 737 tibi
827 695 901 738 esse
914 675 947 737 id
960 676 1185 741 emolumento

136 784 260 860 sciam;
290 783 342 846 sin
367 791 479 846 autem
504 782 537 845 id
562 802 629 844 non
655 792 716 858 est,
743 782 826 845 nihil
850 783 981 858 duobus
1009 786 1106 850 nobis
1133 797 1185 851 est

135 891 283 967 stultius,
305 911 359 955 me
383 890 441 974 qui
464 901 499 954 te
523 911 591 953 non
618 892 758 956 Romam
784 893 959 969 attraham,
978 903 1014 957 te
1037 895 1094 978 qui
1117 916 1185 958 non

135 1002 203 1065 huc
220 999 363 1065 advoles.
412 999 489 1064 Vna
505 1000 652 1063 mercule
668 1011 783 1064 nostra
800 1001 852 1064 vel
873 1022 989 1067 severa
1004 1003 1057 1066 vel
1075 1004 1186 1068 iocosa

135 1108 331 1192 congressio
348 1108 452 1190 pluris
470 1108 530 1171 erit
549 1129 647 1191 quam
664 1129 732 1172 non
750 1111 848 1173 modo
864 1110 991 1187 hostes,
1010 1113 1184 1177 sedetiam

135 1218 260 1282 fratres
277 1217 382 1280 nostri
401 1215 522 1281 Aedui.
574 1217 687 1300 Quare
702 1217 862 1283 ‘omnibus
879 1220 921 1282 de
945 1221 1046 1284 rebus
1069 1220 1123 1285 fac
1148 1230 1184 1286 ut

134 1347 236 1412 quam
252 1325 395 1409 primum
412 1325 530 1389 sciam:
1095 1317 1097 1324 ’

344 1466 403 1519 Aut
415 1464 590 1520 consolando
603 1474 651 1520 aut
664 1467 782 1522 consilio
795 1476 843 1522 aut
856 1485 885 1522 re
899 1469 984 1524 iuero.

444 1681 575 1747 XXVI.
628 1683 732 1768 (Fam.
759 1696 789 1763 7.
815 1684 879 1768 18.)

459 1849 601 1900 CICERO
624 1850 814 1901 TREBATIO
838 1851 865 1902 S.

182 1985 348 2068 Accepia
368 1995 402 2048 te
426 1985 553 2067 aliquot
569 1966 741 2067 'epistulas
765 2007 833 2049 uno
857 1996 1019 2070 tempore,
1039 2009 1122 2071 quas
1147 1999 1216 2054 tur
1267 1983 1268 1986 ’

134 2094 278 2159 diversis
311 2094 520 2176 temporibus
553 2094 701 2157 dederas.
758 2095 797 2157 In
831 2095 954 2178 quibus
987 2117 1045 2168 me¹
1073 2107 1185 2161 cetera

134 2202 363 2278 delectarunt;
388 2201 623 2284 significabant
642 2202 731 2265 enim
757 2213 792 2266 te
818 2203 916 2267 istam
942 2205 1094 2268 militiam
1120 2205 1183 2270 iam

135 2312 232 2374 firmo
249 2310 360 2375 animo
375 2310 464 2373 ferre
481 2319 515 2374 et
532 2331 608 2374 esse
624 2310 747 2374 fortem
766 2311 873 2374 virum
896 2322 930 2375 et
955 2323 1184 2391 constantem;

136 2441 222 2505 quae
239 2441 302 2503 ego
323 2419 494 2503 paulisper
517 2419 551 2481 in
576 2428 611 2482 te
636 2418 683 2482 ita
708 2419 902 2496 desideravi,
922 2441 989 2484 non
1014 2421 1183 2486 imbecilli·
1275 2447 1277 2454 ’

135 2539 207 2593 tate
222 2529 326 2592 animi
342 2529 402 2604 tui,
418 2528 477 2591 sed
495 2527 602 2610 magis
619 2537 657 2590 ut
670 2527 837 2591 desiderio
856 2529 963 2592 nostri
981 2539 1014 2592 te
1030 2540 1184 2595 aestuare
1288 2557 1291 2566 ·

136 2647 300 2722 putarem.
351 2637 465 2721 Quare
481 2656 593 2720 perge,
613 2645 650 2698 ut
668 2635 826 2718 coepisti;
849 2637 929 2700 forti
949 2639 1059 2701 animo
1086 2638 1183 2703 istam

135 2746 243 2810 tolera
266 2746 428 2809 militiam.
495 2745 614 2820 Multa,
642 2744 721 2807 mihi
754 2745 861 2821 crede,
890 2747 1086 2829 adsequere;
1121 2768 1184 2831 ego

136 2837 226 2918 enim
259 2855 426 2919 renovabo
459 2853 794 2928 commendationem,
822 2855 882 2918 sed
914 2864 1076 2937 tempore.
1127 2856 1183 2922 Sic

172 3016 195 3060 4.
213 3000 501 3064 nihilzstrongerthan
515 3017 637 3050 nema—
688 2999 734 3064 ing
768 2999 832 3049 such
867 2998 1080 3063 complimentary
1114 2998 1184 3048 titles

138 3067 268 3117 advoles:
282 3069 389 3125 Lorenz,
402 3083 437 3117 on
451 3068 534 3116 Plaut.
543 3070 635 3117 Pseud.
689 3083 760 3130 upon
790 3074 888 3115 remote
913 3064 1071 3122 barbarians,
1095 3064 1184 3114 whose

138 3147 194 3200 535,
207 3150 276 3200 says:
295 3134 353 3184 The
372 3136 475 3184 Roman
488 3151 570 3183 sermo
581 3136 635 3184 coti·
690 3131 901 3186 ‘brotherhood'
913 3130 957 3180 did
969 3140 1016 3180 not
1033 3131 1100 3194 keep
1113 3132 1184 3182 them

135 3200 635 3251 dianushadahostofsubstitutestor
687 3199 888 3264 fromfrequent
897 3198 1029 3264 treachery
1039 3198 1090 3247 and
1098 3199 1185 3249 insub-

135 3271 175 3317 r're
183 3267 235 3317 and
241 3269 318 3325 abire,
325 3284 368 3331 eg.
374 3269 513 3324 ambulare,
521 3285 546 3317 se
554 3283 633 3330 agere,
688 3266 843 3316 ordination.
874 3266 931 3314 The
943 3274 1018 3328 grant
1031 3265 1060 3313 of
1072 3265 1116 3314 the
1128 3266 1184 3314 title

133 3352 160 3383 se
172 3342 316 3399 penetrare,
328 3351 355 3382 se
370 3335 479 3399 aayerre,
492 3337 597 3392 sedare,
609 3351 635 3382 se
686 3333 708 3382 is
721 3333 871 3383 mentioned
889 3334 915 3382 in
929 3333 1005 3382 Caes.
1018 3333 1050 3380 B.
1066 3333 1094 3380 G.
1110 3346 1130 3379 1.
1144 3346 1183 3396 33.

133 3404 291 3465 immergere,
309 3418 335 3450 se
351 3403 447 3459 ducere,
466 3417 491 3449 se
510 3403 633 3463 abripere,
687 3401 760 3448 With
774 3401 818 3450 the
830 3401 978 3457 sentiment,
986 3399 1018 3448 cf.
1028 3401 1101 3447 Fam.
1111 3412 1134 3460 7.
1146 3413 1183 3447 11.

133 3476 183 3517 etc.
221 3468 291 3517 Such
303 3467 457 3518 substitutes
474 3483 502 3516 as
514 3469 634 3516 advolare
687 3481 700 3514 2
725 3484 778 3516 una
802 3471 911 3517 mercule
939 3468 1075 3516 conlocutio
1097 3473 1184 3516 nostra

134 3534 187 3583 and
205 3537 338 3584 convolare
355 3550 398 3584 are
418 3535 529 3597 especial
549 3535 634 3583 lavor·
681 3535 772 3595 pluris
794 3537 844 3582 erit
864 3550 941 3597 quam
966 3551 1051 3582 omnes
1067 3536 1184 3583 Samaro-

133 3601 192 3658 ites,
205 3601 317 3650 because
329 3601 358 3648 of
373 3601 440 3651 their
451 3602 633 3664 exaggerative
685 3601 778 3649 brivae.
786 3629 818 3638 —
828 3609 886 3659 aut,
894 3609 957 3649 ete:
976 3602 1035 3650 Ter.
1043 3603 1136 3650 Heaut.
1144 3601 1183 3650 86.

133 3668 275 3717 character.
311 3667 632 3730 ct.att.1.14.5;Ep.
720 3668 823 3715 XXVI.
866 3669 889 3714 A
906 3667 967 3715 villa
981 3683 1044 3716 near
1060 3667 1183 3725 Ulubrae,

134 3735 236 3783 LXIX.
248 3733 415 3783 1.—lratres
426 3735 516 3784 nostri
526 3734 632 3785 Aedui:
687 3734 761 3797 April
779 3735 803 3790 8,
818 3746 848 3797 53
867 3745 916 3782 ac.

132 3816 150 3851 a
159 3801 246 3850 thrust
255 3807 282 3849 at
293 3799 337 3849 the
346 3799 480 3866 absurdity
487 3800 516 3850 ot
525 3800 632 3850 bestow-
722 3814 743 3849 1.
757 3801 799 3850 sic
811 3801 928 3850 habeto:
938 3800 991 3849 like
1000 3803 1060 3850 sciro
1068 3801 1111 3865 (cf.
1121 3801 1182 3851 Intr.
