2814 4330
239 219 289 274 148
579 219 748 270 c1cano’s
773 220 948 270 narrans.
1157 220 1226 286 [ap.
1243 223 1304 272 xe

239 387 320 472 quin
337 387 427 450 idem
443 397 478 450 te
494 396 594 462 amet,
614 396 647 450 et
664 407 740 450 cum
761 397 819 450 tua
836 397 870 450 et
887 407 961 450 mea
978 388 1122 451 maxime
1146 389 1303 453 interest

240 506 274 560 te
298 497 417 572 valere,
444 505 516 559 tum
545 495 659 559 multis
688 504 740 558 est
772 515 880 560 curae.
931 496 1063 572 Adhuc,
1093 497 1174 560 dum
1210 499 1303 561 mihi

240 604 331 669 nullo
341 600 421 669 'loco
438 605 557 668 deesse
574 603 635 680 vis,
654 623 835 686 numquam
853 613 888 667 te
910 605 1108 668 confirmare
1131 606 1301 686 potuisti;

241 733 331 777 nunc
356 721 392 775 te
420 713 503 775 nihil
530 711 694 794 impedit;
724 711 836 775 omnia
859 713 999 794 depone,
1026 713 1156 794 corpori
1189 715 1296 780 servi.

242 821 413 904 Quantam
437 821 644 904 diligentiam
669 820 704 883 in
724 820 949 883 valetudinem
975 829 1067 884 tuam
1092 822 1295 899 contuleris,

240 929 328 993 tanti
344 949 398 992 me
415 928 486 992 fieri
507 949 527 992 a
551 938 585 992 te
610 929 772 993 iudicabo.
821 927 916 1004 Vale,
935 929 981 992 mi
1005 928 1095 1004 Tiro,
1114 929 1196 1005 vale,
1217 931 1297 996 vale

242 1047 276 1100 et
300 1037 397 1102 salve.
457 1037 566 1120 Lepta
589 1036 653 1101 tibi
681 1036 823 1101 salutem
848 1036 930 1102 dicit
954 1045 989 1101 et
1013 1055 1143 1102 omnes.
1192 1037 1295 1106 Vale.

241 1146 358 1211 v111d.
378 1145 463 1212 Νον.
484 1145 651 1212 Leucade.

588 1453 664 1521 XL.
699 1454 804 1542 (Fam.
827 1455 877 1520 16.
894 1456 942 1541 6.)

330 1645 488 1696 TVLLIVS
513 1646 560 1695 ET
584 1644 722 1696 CICERO
747 1646 794 1695 ET
818 1646 878 1710 QQ.
903 1647 1038 1697 TIRONI
1062 1647 1088 1698 S.
1112 1647 1141 1698 P.
1166 1649 1202 1700 D.

211 1833 221 1867 1
291 1796 439 1860 Tertiam
469 1797 511 1859 ad
539 1806 574 1860 te
602 1797 689 1861 hanc
721 1797 897 1880 epistulam
927 1798 1046 1881 scripsi
1073 1801 1193 1864 eodem
1221 1800 1289 1878 die,

241 1906 348 1988 magis
372 1905 520 1968 instituti
546 1906 610 1970 mei
642 1906 782 1969 tenendi
815 1927 923 1984 causa,
949 1907 1027 1990 quia
1051 1917 1170 1972 nactus
1196 1929 1289 1973 eram

242 2014 295 2078 cui
311 2015 435 2089 darem,
453 2034 552 2097 quam
569 2034 635 2097 quo
659 2013 817 2079 haberem
833 2015 913 2098 quid
938 2015 1127 2081 scriberem.
1179 2017 1292 2100 igitur

242 2122 312 2187 illa:
334 2130 497 2206 quantum
523 2141 576 2185 me
598 2122 718 2205 diligis,
737 2131 869 2186 tantum
893 2123 1015 2188 adhibe
1039 2124 1073 2187 in
1098 2134 1132 2188 te
1147 2125 1290 2209 diligen-

242 2231 324 2308 tiae;
348 2232 389 2294 ad
406 2240 465 2293 tua
482 2229 738 2294 innumerabilia
754 2231 788 2294 in
805 2252 859 2295 me
875 2230 984 2296 officia
998 2232 1084 2297 adde
1106 2233 1178 2310 hoc,
1197 2235 1287 2317 quod

242 2339 324 2403 mihi
340 2339 402 2403 erit
420 2338 648 2420 gratissimum
666 2339 824 2404 omnium.
870 2339 955 2404 Cum
972 2341 1172 2406 valetudinis
1189 2343 1290 2407 ratio-

210 2474 223 2509 2
242 2468 330 2522 nem,
345 2457 382 2510 ut
405 2466 512 2528 spero,
532 2446 697 2522 habueris,
716 2448 838 2512 habeto
855 2448 954 2512 etiam
973 2450 1203 2532 navigationis.
1247 2452 1288 2514 In

244 2555 374 2620 Italiam
392 2555 552 2619 euntibus
568 2555 723 2619 omnibus
748 2558 789 2620 ad
813 2577 868 2620 me
892 2557 1022 2621 litteras
1039 2559 1142 2634 dabis,
1161 2568 1198 2623 ut
1223 2579 1289 2642 ego

242 2673 379 2728 euntem
398 2665 512 2728 Patras
526 2663 694 2728 neminem
711 2665 950 2747 praetermitto
979 2665 1077 2743 Cura,
1093 2676 1226 2743 curate,
1243 2669 1291 2732 mi

242 2772 332 2836 Tiro.
383 2772 551 2854 Quoniam
568 2792 635 2835 non
653 2773 796 2857 contigit
815 2782 851 2836 ut
877 2774 977 2837 simul
1001 2775 1184 2859 navigares,
1204 2776 1290 2840 nihil

242 2890 295 2944 est
319 2881 408 2963 quod
431 2880 584 2956 lestines,
607 2901 669 2945 nec
694 2882 870 2965 quicquam
895 2903 992 2947 cures
1016 2883 1082 2947 nisi
1106 2894 1142 2947 ut
1166 2885 1289 2950 valeas.

244 2989 356 3052 Etiam
374 2998 474 3072 atque
492 2989 591 3053 etiam
608 2991 690 3053 vale.
742 3009 789 3052 vn
809 2991 888 3054 Idus
907 2991 992 3054 Νον.
1012 2991 1114 3055 Actio
1130 2993 1273 3075 vesperi.

243 3141 364 3192 —nullo
386 3141 467 3192 locor
490 3142 532 3191 for
553 3144 628 3192 nulla
652 3143 681 3191 in
705 3158 739 3192 re.
827 3156 847 3191 1.
866 3145 997 3194 tertiam:
1014 3145 1059 3194 the
1071 3145 1147 3195 other
1159 3154 1210 3194 two
1222 3162 1292 3196 were

244 3208 286 3258 Cf.
298 3209 414 3256 omnibus
430 3210 497 3266 locis,
514 3210 562 3272 Ep.
576 3209 664 3259 XLII.
680 3224 741 3257 1.-
792 3210 840 3274 Ep.
860 3213 991 3260 XXXIX.
1010 3212 1062 3261 and
1080 3213 1153 3261 Fam.
1169 3211 1206 3262 16.
1227 3225 1293 3278 5.-

246 3277 349 3339 Lepta:
368 3274 400 3323 cf.
415 3276 463 3338 Ep.
477 3277 592 3325 XXXV.
606 3290 644 3324 22.
792 3277 839 3327 cui
863 3279 978 3327 darem:
1003 3277 1046 3326 for
1068 3278 1113 3328 the
1136 3279 1195 3328 lack
1219 3279 1250 3327 οἱ
1275 3295 1292 3328 a

278 3343 335 3391 XL.
356 3343 469 3399 Actium,
484 3345 552 3391 Νον.
565 3357 588 3404 7,
603 3356 634 3408 50
648 3355 697 3391 uc.
708 3370 741 3377 —
791 3345 877 3406 postal
889 3351 985 3410 system
999 3359 1097 3408 among
1104 3345 1148 3394 the
1162 3346 1292 3403 Romans,

245 3409 308 3473 QQ.
316 3409 453 3470 (=Quinti
458 3409 576 3470 duo):i.e.
583 3410 627 3458 the
635 3409 742 3459 brother
792 3425 836 3458 see
849 3411 913 3459 Intr.
926 3410 965 3471 64.

245 3474 296 3523 and
319 3475 428 3538 nephew
448 3476 478 3524 of
500 3475 600 3525 Cicero.
636 3475 677 3523 cf.
696 3475 741 3525 the
826 3477 1292 3538 adabIstcf.Intr.84b.-simul:

187 3551 189 3556 ’
245 3542 401 3592 salutations
420 3542 447 3590 in
469 3543 517 3605 Ep.
538 3542 669 3591 XXXIX.
688 3541 741 3591 and
790 3544 1293 3608 sc.nobiscum,·cf.Ep.XLI.2.—eti2m

246 3608 333 3656 XLII.
792 3617 879 3673 atque
893 3611 981 3660 enam
994 3611 1069 3660 vale:
1082 3611 1115 3660 cf.
1127 3611 1190 3660 Intr.
1199 3611 1241 3662 62.
