2814 4328
215 290 265 348 17⁶
556 292 723 343 c1cunos
748 293 923 343 narrans.
1141 295 1204 362 [up.
1220 298 1270 348 aa

214 482 290 527 cum
307 462 483 525 audissem.
527 462 650 525 Nonne
666 461 728 525 tibi
745 461 916 525 adfirmavi
932 461 1063 546 quidvis
1079 483 1134 527 me
1150 465 1269 546 potius

214 591 450 654 perpessurum
468 591 565 653 quam
583 591 624 634 ex
641 570 739 633 Italia
755 570 797 633 ad
818 570 942 635 bellum
959 570 1057 636 civile
1073 572 1268 637 exiturum?

216 679 307 763 Quid
332 699 412 761 ergo
436 678 557 743 accidit
587 699 645 742 cur
677 675 852 742 consilium
884 680 1073 743 mutarem?
1138 681 1267 746 Nonne

215 788 326 852 omnia
342 787 463 870 potius,
476 797 512 850 ut
527 787 560 850 in
578 787 748 851 sententia
764 789 1018 871 permanerem?
1054 787 1182 853 Credas
1198 791 1267 855 hoc

170 879 172 882 ⁵
215 896 297 960 mihi
312 895 422 971 velim,
440 895 528 978 quod
545 904 627 977 puto
644 904 678 959 te
696 895 897 971 existimare,
915 916 970 959 me
986 917 1028 959 ex
1047 896 1100 960 his
1117 897 1266 962 miseriis

216 1004 299 1068 nihil
316 1004 405 1069 aliud
422 1024 590 1086 quaerere,
609 1003 675 1067 nisi
692 1013 728 1068 ut
753 1003 906 1068 homines
931 1004 1109 1088 aliquando
1134 1004 1267 1070 intelie-

215 1122 297 1196 gant
313 1133 367 1176 me
384 1112 468 1175 nihil
485 1112 642 1176 maluisse
658 1133 757 1196 quam
778 1132 903 1195 pacem,
922 1133 962 1176 ea
978 1113 1154 1195 desperata
1179 1115 1266 1178 nihil

215 1231 284 1284 tam
300 1221 429 1303 fugisse
446 1241 543 1303 quam
561 1241 652 1284 arma
668 1220 785 1285 civilia.
837 1221 948 1284 Huius
972 1241 1027 1285 me
1051 1223 1267 1287 constantiae

216 1339 296 1412 puto
321 1330 393 1392 iore
418 1337 455 1391 ut
479 1349 659 1412 numquam
683 1329 862 1411 paeniteat.
914 1329 1049 1392 Etenim
1069 1330 1208 1394 memini
1229 1332 1266 1395 in

216 1439 279 1502 hoc
304 1457 428 1520 genere
460 1436 594 1520 gloriari
619 1437 754 1501 solitum
780 1457 856 1501 esse
885 1437 1083 1526 familiarem
1107 1448 1266 1503 nostrum

217 1546 259 1629 Q.
276 1545 506 1620 Hortensium,
516 1546 609 1628 quod
627 1566 806 1628 numquam
823 1546 911 1609 bello
929 1545 1018 1610 civili
1034 1546 1265 1626 interfuissem

216 1656 279 1718 hoc
308 1663 423 1718 nostra
450 1653 524 1717 laus
553 1654 616 1717 erit
646 1654 826 1730 inlustrior,
854 1655 941 1738 quod
973 1654 1020 1718 illi
1052 1655 1267 1720 tribuebatur

217 1763 377 1846 ignaviae,
404 1763 445 1826 de
476 1763 574 1826 nobis
607 1762 640 1825 id
672 1762 855 1826 existimari
883 1783 983 1847 posse
1012 1783 1079 1828 non
1106 1753 1264 1829 arbitro'r.

182 1896 199 1943 4
218 1872 290 1935 Nec
307 1891 360 1934 me
377 1871 441 1934 ista
457 1879 584 1934 terrent
598 1891 682 1954 quae
698 1871 779 1935 mihi
791 1892 812 1935 a
824 1880 858 1935 te
871 1871 912 1935 ad
929 1871 1083 1936 timorem
1101 1871 1266 1937 fidissime

216 1990 316 2062 atque
332 1979 562 2043 amantissime
586 1989 827 2062 proponuntur.
880 1980 981 2044 Nulla
997 1990 1050 2044 est
1067 1980 1157 2044 enim
1173 2001 1265 2045 acer·

216 2089 303 2151 bitas
321 2109 405 2170 quae
430 2107 497 2149 non
522 2088 677 2151 omnibus
702 2088 764 2151 hac
788 2087 878 2152 orbis
903 2097 1067 2152 terrarum
1091 2089 1265 2172 perturba-

216 2198 308 2260 tione
340 2196 532 2278 impendere
565 2196 736 2273 videatur;
775 2217 873 2287 quam
913 2195 1046 2280 quidem
1079 2216 1143 2280 ego
1173 2217 1194 2260 a
1215 2217 1264 2262 re

216 2305 349 2386 publica
371 2305 455 2368 meis
480 2305 617 2386 privatis
642 2314 677 2368 et
696 2305 890 2368 domesticis
915 2305 1135 2369 incommodis
1158 2304 1262 2369 liben-

177 2443 178 2446 ¹
217 2413 346 2476 tissime
370 2413 423 2476 vel
449 2412 523 2476 istis
549 2413 639 2495 ipsis,
661 2432 746 2496 quae
770 2422 808 2476 tu
832 2432 886 2476 me
909 2432 1028 2478 mones
1053 2422 1089 2477 ut
1113 2432 1261 2490 caveam,

185 2545 198 2598 5
216 2522 443 2585 redemissem.
495 2520 581 2583 Filio
598 2541 682 2597 meo,
702 2541 801 2603 quem
818 2520 880 2584 tibi
896 2540 1009 2586 carum
1027 2541 1102 2585 esse
1119 2521 1267 2603 gaudeo,¹

217 2630 245 2693 si
277 2630 339 2692 erit
372 2630 438 2691 ulla
469 2650 522 2692 res
554 2629 696 2712 publica,
730 2629 813 2694 satis
846 2629 991 2713 amplum
1024 2629 1262 2711 patrimonium

216 2738 400 2820 relinquam
425 2737 459 2799 in
484 2738 643 2800 memoria
667 2738 813 2802 nominis
837 2737 923 2814 mei;
955 2736 1007 2801 sin
1033 2746 1145 2801 autem
1169 2737 1264 2802 nulla

217 2846 289 2921 erit,
309 2845 389 2909 nihil
406 2845 535 2908 accidet
553 2846 583 2909 ei
601 2845 780 2927 separatim
797 2867 818 2910 a
834 2845 969 2930 reliquis
986 2845 1124 2910 civibus.
1172 2847 1262 2910 Nam

216 2955 304 3037 quod
322 2975 419 3035 rogas
437 2963 472 3016 ut
490 2954 665 3035 respiciam
688 2975 848 3038 generum
871 2975 991 3030 meum,
1010 2954 1261 3018 adulescentem

216 3109 280 3160 3.-
290 3095 432 3144 exiturum
445 3113 450 3142 :
463 3093 530 3144 aiter
536 3097 623 3158 poa'us
634 3112 712 3160 quam
764 3104 822 3152 etc„
836 3097 884 3159 Ep.
896 3097 925 3146 L.
937 3109 958 3144 1.
967 3124 1001 3132 —
1009 3094 1202 3146 incommodis
1214 3095 1262 3144 vel

215 3162 242 3210 in
262 3161 371 3210 indirect
389 3161 523 3211 discourse
541 3162 585 3212 the
602 3161 672 3211 infin.
690 3163 712 3211 is
764 3163 829 3212 istis
842 3162 932 3227 ipsis:
949 3163 987 3211 ie.
997 3163 1075 3212 those
1088 3177 1149 3227 very
1161 3161 1262 3211 missor-

215 3229 261 3278 the
268 3229 369 3292 regular
377 3229 566 3289 construction;
576 3229 609 3278 cf.
619 3228 712 3286 KrebS‚
764 3238 841 3279 tunes
854 3229 936 3279 which
950 3244 1001 3294 you
1019 3229 1135 3279 mention
1151 3229 1178 3277 in
1196 3244 1263 3294 your

216 3295 414 3352 Antibarbarus,
428 3295 464 3344 11.
478 3309 628 3360 310.-me
642 3296 713 3344 nihil
763 3296 847 3354 letter,
865 3312 908 3359 eg.
928 3296 975 3361 Ep.
1000 3297 1031 3345 L.
1050 3308 1064 3362 5
1085 3297 1162 3345 ettam
1185 3302 1262 3360 atque

216 3362 364 3421 maluisse,
378 3369 437 3410 etc:
451 3377 522 3427 upon
536 3361 651 3412 Cicero's
664 3363 713 3412 sin·
763 3364 847 3420 etiam,
868 3364 960 3420 Cicero,
976 3363 1054 3426 cogita
1072 3379 1104 3412 ne
1120 3369 1142 3410 te
1158 3369 1262 3426 tuasque

215 3445 272 3478 cere
285 3428 369 3478 desire
387 3429 430 3478 for
441 3444 528 3493 peace.
541 3429 574 3478 cf.
586 3445 643 3478 cum
656 3431 713 3492 pri·
763 3431 846 3479 amnis
851 3429 978 3494 funditus
989 3437 1093 3479 evertas.

215 3512 285 3544 mum
299 3497 382 3558 potui,
396 3497 444 3560 Ep.
459 3497 559 3544 XLIX.
573 3510 588 3544 2
600 3512 624 3544 n.
634 3523 667 3532 -
677 3497 712 3560 Q.
799 3510 820 3561 5.
842 3495 999 3546 memoria:
1017 3495 1153 3545 Hoffmann
1166 3501 1261 3559 quotes

216 3563 419 3613 Hortensium:
432 3562 478 3612 the
487 3571 582 3619 orator,
591 3563 650 3611 who
660 3562 713 3611 had
764 3564 793 3612 de
810 3565 901 3620 Domo,
921 3561 968 3622 146
984 3563 1070 3611 liberis
1089 3564 1181 3610 nastris
1196 3563 1261 3610 satis

215 3628 276 3678 died
288 3629 314 3677 in
329 3641 422 3694 5013.ss
764 3631 878 3692 amplum
891 3631 1080 3692 patrimonium
1094 3627 1201 3691 paterni
1219 3643 1261 3675 na

247 3707 271 3754 4.
284 3709 358 3759 quac
373 3730 379 3743 .
393 3730 400 3743 .
415 3730 421 3743 .
434 3695 712 3759 proponuntur:with
764 3697 844 3746 minis
860 3713 890 3744 ac
907 3696 1045 3744 memoriae
1064 3701 1164 3744 nostrae
1182 3695 1262 3742 relin-

214 3761 346 3810 reference
360 3770 387 3809 to
400 3763 497 3811 certain
513 3769 669 3810 statements
686 3762 712 3810 in
764 3778 876 3826 quaemus,
889 3761 941 3810 and
958 3763 988 3812 de
1002 3763 1049 3826 Off
1064 3775 1085 3810 1.
1101 3775 1144 3810 121
1164 3761 1261 3823 optima

215 3827 343 3876 Caelius's
363 3829 447 3886 letter,
464 3844 508 3892 ag.
528 3830 554 3876 si
572 3830 712 3886 extatimar,
764 3826 1261 3891 hereditasapatrr'bustraditurlr'bm‘s
