2814 4328
148 291 223 340 Fam.
238 288 326 356 5·14·]
508 289 675 340 crcnno’s
700 289 874 340 narrans.
1149 287 1197 342 2³1

149 459 303 540 spexisse
330 459 454 535 videor,
486 478 549 522 nec
581 478 601 522 a
628 478 683 522 me
711 457 811 522 alieni
839 466 873 522 et
901 457 964 522 tibi
991 457 1195 523 amicissimi.

150 567 253 650 Quod
285 587 363 632 cum
396 567 443 630 ita
468 566 522 643 sit,
551 587 693 650 magnae
720 576 833 631 tamen
866 575 918 630 est
946 565 1197 630 deliberationis

148 695 236 758 quae
264 674 350 739 ratio
377 675 421 739 sit
448 674 594 738 ineunda
618 675 715 739 nobis
740 695 807 738 non
832 675 953 758 agendi
977 674 1111 759 aliquid,
1137 676 1197 738 sed

148 783 239 848 illius
265 803 430 849 concessu
454 791 488 847 et
512 783 677 848 beneficio
701 783 904 868 quiescendi.
953 781 1048 849 Vale.

386 1143 389 1150 ,
445 1041 628 1108 Lxxvrr.
665 1043 768 1131 (Fam.
790 1057 818 1126 ς.
842 1043 908 1128 14.)

273 1221 304 1270 L
328 1218 511 1271 LVCCEIVS
535 1219 569 1282 Q.
595 1219 623 1268 F.
648 1217 676 1268 S.
700 1218 734 1268 D.
759 1218 796 1268 M.
820 1217 959 1268 TVLLIO
983 1218 1020 1268 M.
1044 1218 1074 1269 F.

196 1356 230 1420 S.
250 1376 281 1420 v,
299 1355 331 1419 b.
351 1354 391 1420 E.
409 1374 438 1418 v.
457 1353 544 1418 sicut
569 1353 670 1429 soleo,
692 1352 826 1436 paululo
850 1362 964 1416 tamen
988 1354 1090 1417 etiam
1107 1354 1226 1418 dete-1

149 1465 219 1528 rius
245 1484 346 1547 quam
373 1462 474 1526 soleo.
535 1462 585 1525 Te
611 1461 771 1545 requisivi
802 1462 935 1545 saepius
966 1471 1003 1525 ut
1029 1463 1211 1540 viderem;=

150 1574 281 1636 Romae
306 1571 384 1655 quia
407 1579 526 1653 postea
550 1590 618 1633 non
642 1571 739 1634 fuisti
767 1591 866 1652 quam
890 1571 1120 1648 discesseram,
1139 1572 1196 1635 mi·
1236 1581 1240 1587 ’

148 1691 242 1744 ratus
268 1701 362 1756 sum;
386 1681 475 1762 quod
499 1680 581 1743 item
606 1700 696 1743 nunc
720 1679 830 1743 miror.
896 1679 975 1743 Non
999 1681 1105 1744 habeo
1128 1702 1196 1745 cer-

56 1791 61 1796 '
148 1798 221 1852 tum
239 1808 326 1872 quae
343 1798 377 1852 te
399 1809 453 1852 res
477 1787 557 1852 hinc
580 1787 723 1851 maxime
747 1787 904 1852 retrahat.
954 1788 992 1852 Si
1016 1789 1195 1853 solitudine

148 1897 327 1972 delectare,
349 1917 425 1961 cum
450 1897 577 1960 scribas
601 1905 635 1959 et
660 1895 786 1980 aliquid
809 1917 890 1979 agas
915 1917 1029 1961 eorum
1054 1918 1193 1980 quorum

149 2005 332 2081 consuesti,
360 2006 491 2088 gaudeo
520 2025 629 2088 neque
655 2004 863 2088 reprehendo
886 2016 980 2070 tuum
1007 2007 1192 2071 consilium.

150 2114 238 2177 Nam
256 2113 341 2176 nihil
357 2113 423 2177 isto
444 2123 557 2196 potest
581 2133 656 2177 esse
680 2113 858 2177 iucundius
884 2134 951 2177 non
977 2117 1074 2178 modo
1099 2116 1194 2179 mise·

148 2222 195 2286 ris
211 2223 264 2286 his
281 2222 489 2304 temporibus
507 2231 541 2285 et
558 2222 731 2298 luctuosis,
751 2223 810 2286 sed
833 2222 934 2286 etiam
954 2224 1143 2306 tranquillis
1161 2233 1193 2287 et

148 2331 284 2413 optatis,
304 2330 501 2414 praesertim
520 2329 572 2393 vel
596 2331 708 2394 animo
725 2330 911 2415 defetigato
936 2341 1004 2408 tuo,
1023 2334 1080 2415 qui
1105 2354 1194 2397 nunc

149 2439 299 2523 requiem
316 2448 453 2524 quaerat
472 2459 512 2502 ex
528 2439 659 2522 magnis
675 2439 963 2522 occupationibus,
981 2441 1034 2503 vel
1052 2442 1191 2518 erudito,

148 2549 206 2631 qui
233 2567 366 2630 semper
388 2547 513 2631 aliquid
538 2567 579 2611 ex
603 2567 640 2611 se
664 2557 794 2631 promat
817 2550 906 2632 quod
930 2548 1012 2612 alios
1037 2549 1192 2625 delectet,

148 2706 279 2757 nissimi:
304 2705 404 2756 Caesar
423 2705 476 2755 had
496 2707 586 2756 shown
605 2707 646 2756 his
697 2705 725 2754 in
746 2706 791 2755 the
811 2706 909 2756 second
929 2722 996 2770 pers.
1016 2707 1081 2770 sing.
1102 2708 1193 2758 Cicero

148 2773 295 2837 friendship
310 2773 352 2822 for
370 2773 476 2823 Servius
493 2773 527 2839 by
540 2773 647 2837 making
699 2788 759 2822 uses
780 2773 824 2822 the
845 2773 942 2836 ending
959 2791 996 2822 -re
1014 2774 1040 2822 in
1061 2775 1106 2824 the
1126 2791 1193 2838 pres.

148 2841 203 2889 him
216 2855 345 2903 governor
356 2839 386 2888 of
405 2839 645 2889 Achaia—vale:
698 2839 775 2904 subj,
792 2840 894 2904 Imperf.
912 2840 972 2897 ind,
990 2841 1041 2890 and
1064 2841 1112 2890 fut.
1133 2842 1193 2900 ind,

147 2907 180 2957 cf.
195 2908 259 2955 Intr.
272 2907 312 2956 62.
698 2907 837 2956 elsewhere
858 2907 902 2956 the
922 2907 1019 2970 ending
1035 2910 1090 2956 -rin
1129 2910 1193 2958 Two

184 2974 326 3022 LXXVII.
341 2974 432 3031 Rome,
442 2974 505 3040 May
515 2988 539 3037 9,
552 2985 645 3039 45B.c.
698 2974 850 3038 exceptions
869 2989 928 3039 may
948 2974 980 3022 be
1000 2974 1080 3024 noted
1100 2983 1128 3024 to
1149 2976 1193 3025 the

149 3041 277 3090 Lucceius
290 3055 366 3103 urges
383 3040 475 3089 Cicero
487 3047 534 3089 not
542 3047 575 3090 ‘to
587 3041 646 3104 give
697 3040 748 3090 last
766 3049 924 3090 statementz
950 3041 986 3105 (1)
1000 3042 1026 3089 in
1045 3042 1085 3091 his
1104 3043 1194 3092 earlier

147 3106 255 3157 himself
267 3123 302 3170 up
314 3108 421 3172 entirely
430 3116 458 3155 to
470 3107 536 3170 grief
547 3107 589 3156 for
602 3108 646 3156 the
698 3108 811 3171 writings
830 3125 868 3156 ·rc
885 3108 907 3156 is
926 3107 982 3156 also
1002 3107 1086 3157 found
1103 3109 1128 3158 in
1148 3111 1193 3158 the

146 3174 202 3223 loss
227 3173 256 3222 of
278 3174 318 3223 his
342 3173 477 3236 daughter.
514 3176 555 3223 On
580 3176 645 3224 Luc·
698 3173 799 3238 imperf.
812 3173 891 3237 subj.;
912 3174 948 3238 (2)
962 3175 989 3223 in
1002 3176 1078 3225 verbs
1096 3176 1194 3240 having

147 3241 228 3298 ccius,
238 3239 270 3290 cf.
285 3242 333 3304 Ep.
347 3241 452 3289 XVlIl.
465 3241 561 3290 introd.
574 3249 644 3290 note.
697 3256 732 3290 no
744 3242 828 3293 active
840 3242 909 3290 form
922 3258 960 3289 -re
970 3242 992 3291 is
1010 3243 1066 3290 also
1085 3242 1148 3293 used
1166 3244 1192 3292 in

182 3321 204 3356 1.
230 3322 253 3356 s.
274 3323 301 3356 v.
324 3310 351 3357 b.
372 3322 397 3356 e.
412 3323 454 3356 v.:
477 3310 517 3356 fe.
535 3310 560 3357 si
578 3310 647 3356 vales
696 3308 742 3356 the
753 3324 820 3371 pres.
833 3309 885 3358 ind.
922 3310 1006 3358 Other
1016 3324 1090 3358 cases
1103 3310 1132 3358 of
1149 3310 1193 3359 the

147 3375 236 3424 fenest.
274 3375 328 3438 Ego
338 3376 416 3432 valeo,
429 3390 460 3422 or
470 3377 495 3422 si
505 3377 574 3423 vales
588 3376 646 3424 bene
697 3391 743 3423 use
761 3375 790 3423 of
806 3375 890 3426 forms
907 3376 933 3425 in
945 3393 992 3434 -rc,
1005 3392 1035 3426 as
1049 3377 1192 3426 delectare

146 3447 190 3489 est.
222 3441 303 3490 Valeo.
333 3441 375 3489 Cf.
387 3442 449 3490 Intr.
461 3441 644 3492 62.-habeo
696 3441 765 3498 here,
779 3458 821 3492 are
837 3443 939 3492 archaic
957 3459 988 3491 or
1005 3443 1193 3508 colloquial.—

147 3515 278 3557 certum:
295 3507 338 3556 for
351 3511 400 3557 scio
414 3517 531 3566 certum
550 3509 581 3558 cf.
596 3509 643 3572 Ep.
696 3523 820 3571 quorum
839 3511 1006 3560 consuesti:
1026 3511 1070 3559 the
1089 3526 1148 3560 case
1165 3512 1193 3559 of

148 3575 210 3624 Lll.
231 3589 251 3622 1.
288 3575 338 3624 See
355 3576 410 3623 also
431 3577 465 3623 sic
484 3576 575 3630 habeto,
595 3577 643 3639 Ep.
696 3576 740 3623 the
759 3577 865 3625 relative
883 3577 904 3626 is
923 3576 1083 3626 assimilated
1096 3587 1123 3625 to
1136 3578 1193 3627 that

147 3642 251 3690 XXVI.
272 3655 282 3689 1
303 3656 450 3705 n.-quae
469 3655 533 3690 res:
557 3657 573 3690 a
591 3650 645 3690 nat·
696 3641 725 3689 of
742 3642 776 3690 its
794 3643 957 3692 antecedent.
993 3644 1034 3693 Cf.
1055 3645 1121 3693 Hor.
1138 3647 1191 3694 Sat.

147 3709 202 3757 ural
220 3708 362 3757 substitute
376 3709 419 3756 ior
433 3711 500 3771 quid
513 3709 581 3756 from
600 3709 644 3757 the
698 3722 718 3755 1.
731 3708 754 3758 6.
771 3723 799 3774 15
812 3711 894 3759 iudice
909 3727 958 3774 quo
969 3713 1037 3759 nosti
1047 3713 1193 3774 populo.-

146 3791 198 3839 pen
211 3775 240 3823 of
257 3776 384 3840 alawyer.
421 3775 462 3823 Cf.
475 3791 539 3839 quae
552 3792 590 3823 res
601 3775 644 3823 for
695 3775 807 3825 animo:
825 3792 859 3824 on
876 3777 920 3825 the
935 3777 1146 3840 personification
1164 3777 1193 3828 of

145 3843 219 3905 quod,
230 3843 303 3890 Fam.
317 3841 642 3902 12.14.2.—delectare=
694 3845 806 3900 animus,
820 3843 853 3892 cf.
867 3843 915 3906 Ep.
929 3844 989 3891 Lll.
1006 3857 1016 3891 1
1032 3859 1057 3893 n.
