<?xml version="1.0" encoding="UTF-8"?>
<!DOCTYPE html PUBLIC "-//W3C//DTD XHTML 1.0 Transitional//EN"
    "http://www.w3.org/TR/xhtml1/DTD/xhtml1-transitional.dtd">
<html xmlns="http://www.w3.org/1999/xhtml" xml:lang="en" lang="en">
 <head>
  <title>
</title>
<meta http-equiv="Content-Type" content="text/html;charset=utf-8" />
  <meta name='ocr-system' content='tesseract 3.04.00' />
  <meta name='ocr-capabilities' content='ocr_page ocr_carea ocr_par ocr_line ocrx_word'/>
</head>
<body>
  <div class='ocr_page' id='page_1' title='image "./selectedletters03cicegoog_0202.png"; bbox 0 0 2814 4330; ppageno 0'>
   <div class='ocr_carea' id='block_1_1' title="bbox 135 314 1188 381">
    <p class='ocr_par' dir='ltr' id='par_1_1' title="bbox 135 314 1188 381">
     <span class='ocr_line' id='line_1_1' title="bbox 135 314 1188 381; baseline 0.005 -15"><span class='ocrx_word' id='word_1_1' title='bbox 135 315 211 366; x_wconf 70' lang='lat' dir='ltr'><strong>Fam.</strong></span> <span class='ocrx_word' id='word_1_2' title='bbox 226 329 264 381; x_wconf 84' lang='lat'><strong>13.</strong></span> <span class='ocrx_word' id='word_1_3' title='bbox 280 314 313 380; x_wconf 93' lang='lat'><strong>1.]</strong></span> <span class='ocrx_word' id='word_1_4' title='bbox 389 333 394 346; x_wconf 88' lang='lat'><strong>·</strong></span> <span class='ocrx_word' id='word_1_5' title='bbox 484 316 651 366; x_wconf 75' lang='lat' dir='ltr'><strong>c1can0’s</strong></span> <span class='ocrx_word' id='word_1_6' title='bbox 677 317 850 368; x_wconf 79' lang='lat' dir='ltr'><strong>narrans.</strong></span> <span class='ocrx_word' id='word_1_7' title='bbox 1139 317 1188 371; x_wconf 82' lang='lat'><strong>119</strong></span> 
     </span>
    </p>
   </div>
   <div class='ocr_carea' id='block_1_2' title="bbox 129 484 1215 3170">
    <p class='ocr_par' dir='ltr' id='par_1_2' title="bbox 129 484 1215 3170">
     <span class='ocr_line' id='line_1_2' title="bbox 136 484 1186 571; baseline 0.003 -22"><span class='ocrx_word' id='word_1_8' title='bbox 136 494 251 549; x_wconf 91' lang='lat' dir='ltr'><strong>tamen</strong></span> <span class='ocrx_word' id='word_1_9' title='bbox 278 485 382 547; x_wconf 93' lang='lat' dir='ltr'><strong>multo</strong></span> <span class='ocrx_word' id='word_1_10' title='bbox 408 484 518 548; x_wconf 90' lang='lat' dir='ltr'><strong>minus</strong></span> <span class='ocrx_word' id='word_1_11' title='bbox 544 485 605 548; x_wconf 94' lang='lat' dir='ltr'><strong>tibi</strong></span> <span class='ocrx_word' id='word_1_12' title='bbox 628 486 766 549; x_wconf 90' lang='lat' dir='ltr'><strong>concedi</strong></span> <span class='ocrx_word' id='word_1_13' title='bbox 788 496 901 568; x_wconf 92' lang='lat' dir='ltr'><strong>potest</strong></span> <span class='ocrx_word' id='word_1_14' title='bbox 918 508 1017 571; x_wconf 86' lang='lat' dir='ltr'><strong>quam</strong></span> <span class='ocrx_word' id='word_1_15' title='bbox 1035 488 1081 551; x_wconf 91' lang='lat' dir='ltr'><strong>illi</strong></span> <span class='ocrx_word' id='word_1_16' title='bbox 1098 489 1186 554; x_wconf 90' lang='lat' dir='ltr'><strong>labo-</strong></span> 
     </span>
     <span class='ocr_line' id='line_1_3' title="bbox 135 593 1183 676; baseline 0.004 -20"><span class='ocrx_word' id='word_1_17' title='bbox 135 613 210 656; x_wconf 86' lang='lat' dir='ltr'><strong>rare</strong></span> <span class='ocrx_word' id='word_1_18' title='bbox 227 593 301 656; x_wconf 87' lang='lat' dir='ltr'><strong>sine</strong></span> <span class='ocrx_word' id='word_1_19' title='bbox 323 614 432 657; x_wconf 90' lang='lat' dir='ltr'><strong>causa.</strong></span> <span class='ocrx_word' id='word_1_20' title='bbox 484 593 695 676; x_wconf 81' lang='lat' dir='ltr'>Quamquam</span> <span class='ocrx_word' id='word_1_21' title='bbox 717 595 868 658; x_wconf 87' lang='lat' dir='ltr'>Patronis</span> <span class='ocrx_word' id='word_1_22' title='bbox 891 604 924 658; x_wconf 92' lang='lat' dir='ltr'><strong>et</strong></span> <span class='ocrx_word' id='word_1_23' title='bbox 942 597 1127 660; x_wconf 89' lang='lat' dir='ltr'><strong>orationem</strong></span> <span class='ocrx_word' id='word_1_24' title='bbox 1150 607 1183 661; x_wconf 94' lang='lat' dir='ltr'><strong>et</strong></span> 
     </span>
     <span class='ocr_line' id='line_1_4' title="bbox 136 699 1184 784; baseline 0.004 -19"><span class='ocrx_word' id='word_1_25' title='bbox 136 722 273 766; x_wconf 87' lang='lat' dir='ltr'><strong>causam</strong></span> <span class='ocrx_word' id='word_1_26' title='bbox 299 699 360 765; x_wconf 94' lang='lat' dir='ltr'><strong>tibi</strong></span> <span class='ocrx_word' id='word_1_27' title='bbox 390 702 560 784; x_wconf 85' lang='lat' dir='ltr'><strong>cognitam</strong></span> <span class='ocrx_word' id='word_1_28' title='bbox 590 721 665 765; x_wconf 90' lang='lat' dir='ltr'><strong>esse</strong></span> <span class='ocrx_word' id='word_1_29' title='bbox 690 713 781 766; x_wconf 93' lang='lat' dir='ltr'><strong>certo</strong></span> <span class='ocrx_word' id='word_1_30' title='bbox 806 705 896 768; x_wconf 80' lang='lat' dir='ltr'><strong>scio:</strong></span> <span class='ocrx_word' id='word_1_31' title='bbox 928 705 1087 768; x_wconf 89' lang='lat' dir='ltr'><strong>honorem</strong></span> <span class='ocrx_word' id='word_1_32' title='bbox 1116 705 1184 769; x_wconf 91' lang='lat' dir='ltr'><strong>offi-</strong></span> 
     </span>
     <span class='ocr_line' id='line_1_5' title="bbox 135 809 1183 892; baseline 0.004 -19"><span class='ocrx_word' id='word_1_33' title='bbox 135 809 236 886; x_wconf 89' lang='lat' dir='ltr'><strong>cium,</strong></span> <span class='ocrx_word' id='word_1_34' title='bbox 255 819 533 874; x_wconf 87' lang='lat' dir='ltr'><strong>testamentorum</strong></span> <span class='ocrx_word' id='word_1_35' title='bbox 553 810 613 886; x_wconf 90' lang='lat' dir='ltr'><strong>ius,</strong></span> <span class='ocrx_word' id='word_1_36' title='bbox 629 811 765 892; x_wconf 92' lang='lat' dir='ltr'><strong>Epicuri</strong></span> <span class='ocrx_word' id='word_1_37' title='bbox 782 812 1029 888; x_wconf 86' lang='lat' dir='ltr'><strong>auctoritatem,</strong></span> <span class='ocrx_word' id='word_1_38' title='bbox 1044 814 1183 878; x_wconf 90' lang='lat' dir='ltr'>Phaedri</span> 
     </span>
     <span class='ocr_line' id='line_1_6' title="bbox 135 919 1182 1003; baseline 0.004 -22"><span class='ocrx_word' id='word_1_39' title='bbox 135 919 410 994; x_wconf 91' lang='lat' dir='ltr'><strong>obtestationem,</strong></span> <span class='ocrx_word' id='word_1_40' title='bbox 438 920 550 982; x_wconf 87' lang='lat' dir='ltr'><strong>sedern</strong></span> <span class='ocrx_word' id='word_1_41' title='bbox 576 919 780 982; x_wconf 91' lang='lat' dir='ltr'><strong>domicilium</strong></span> <span class='ocrx_word' id='word_1_42' title='bbox 809 920 953 1003; x_wconf 91' lang='lat' dir='ltr'><strong>vestigia</strong></span> <span class='ocrx_word' id='word_1_43' title='bbox 977 942 1182 985; x_wconf 92' lang='lat' dir='ltr'><strong>summorum</strong></span> 
     </span>
     <span class='ocr_line' id='line_1_7' title="bbox 135 1021 1182 1094; baseline 0.006 -6"><span class='ocrx_word' id='word_1_44' title='bbox 135 1021 310 1091; x_wconf 87' lang='lat' dir='ltr'><strong>hoininum</strong></span> <span class='ocrx_word' id='word_1_45' title='bbox 334 1027 399 1090; x_wconf 92' lang='lat' dir='ltr'><strong>sibi</strong></span> <span class='ocrx_word' id='word_1_46' title='bbox 416 1028 541 1091; x_wconf 89' lang='lat' dir='ltr'><strong>tuenda</strong></span> <span class='ocrx_word' id='word_1_47' title='bbox 557 1047 632 1091; x_wconf 90' lang='lat' dir='ltr'><strong>esse</strong></span> <span class='ocrx_word' id='word_1_48' title='bbox 648 1027 738 1092; x_wconf 91' lang='lat' dir='ltr'><strong>dicit.</strong></span> <span class='ocrx_word' id='word_1_49' title='bbox 780 1029 901 1092; x_wconf 88' lang='lat' dir='ltr'><strong>Totam</strong></span> <span class='ocrx_word' id='word_1_50' title='bbox 919 1030 1063 1093; x_wconf 92' lang='lat' dir='ltr'><strong>hominis</strong></span> <span class='ocrx_word' id='word_1_51' title='bbox 1081 1031 1182 1094; x_wconf 91' lang='lat' dir='ltr'><strong>vitam</strong></span> 
     </span>
     <span class='ocr_line' id='line_1_8' title="bbox 135 1135 1182 1219; baseline 0.004 -21"><span class='ocrx_word' id='word_1_52' title='bbox 135 1135 369 1218; x_wconf 88' lang='lat' dir='ltr'><strong>rationemque</strong></span> <span class='ocrx_word' id='word_1_53' title='bbox 389 1155 487 1218; x_wconf 88' lang='lat' dir='ltr'><strong>quam</strong></span> <span class='ocrx_word' id='word_1_54' title='bbox 510 1135 662 1218; x_wconf 91' lang='lat' dir='ltr'><strong>sequitur</strong></span> <span class='ocrx_word' id='word_1_55' title='bbox 684 1136 717 1199; x_wconf 96' lang='lat' dir='ltr'><strong>in</strong></span> <span class='ocrx_word' id='word_1_56' title='bbox 740 1136 950 1219; x_wconf 92' lang='lat' dir='ltr'><strong>philosophia</strong></span> <span class='ocrx_word' id='word_1_57' title='bbox 972 1138 1182 1202; x_wconf 85' lang='lat' dir='ltr'><strong>derideamus</strong></span> 
     </span>
     <span class='ocr_line' id='line_1_9' title="bbox 135 1242 1183 1328; baseline 0.005 -23"><span class='ocrx_word' id='word_1_58' title='bbox 135 1242 226 1319; x_wconf 90' lang='lat' dir='ltr'><strong>licet,</strong></span> <span class='ocrx_word' id='word_1_59' title='bbox 258 1243 286 1306; x_wconf 92' lang='lat' dir='ltr'><strong>si</strong></span> <span class='ocrx_word' id='word_1_60' title='bbox 318 1243 404 1307; x_wconf 86' lang='lat' dir='ltr'><strong>hanc</strong></span> <span class='ocrx_word' id='word_1_61' title='bbox 438 1243 509 1306; x_wconf 91' lang='lat' dir='ltr'><strong>eius</strong></span> <span class='ocrx_word' id='word_1_62' title='bbox 542 1245 793 1308; x_wconf 87' lang='lat' dir='ltr'><strong>contentionem</strong></span> <span class='ocrx_word' id='word_1_63' title='bbox 820 1245 975 1321; x_wconf 77' lang='lat' dir='ltr'><strong>volumus</strong></span> <span class='ocrx_word' id='word_1_64' title='bbox 1008 1248 1183 1328; x_wconf 89' lang='lat' dir='ltr'><strong>reprehen-</strong></span> 
     </span>
     <span class='ocr_line' id='line_1_10' title="bbox 135 1352 1182 1437; baseline 0.006 -24"><span class='ocrx_word' id='word_1_65' title='bbox 135 1352 236 1428; x_wconf 91' lang='lat' dir='ltr'><strong>dere;</strong></span> <span class='ocrx_word' id='word_1_66' title='bbox 269 1352 329 1414; x_wconf 93' lang='lat' dir='ltr'><strong>sed</strong></span> <span class='ocrx_word' id='word_1_67' title='bbox 362 1352 580 1427; x_wconf 87' lang='lat' dir='ltr'><strong>mehercules,</strong></span> <span class='ocrx_word' id='word_1_68' title='bbox 611 1353 766 1434; x_wconf 91' lang='lat' dir='ltr'><strong>quoniam</strong></span> <span class='ocrx_word' id='word_1_69' title='bbox 800 1353 847 1416; x_wconf 93' lang='lat' dir='ltr'><strong>illi</strong></span> <span class='ocrx_word' id='word_1_70' title='bbox 878 1354 1066 1437; x_wconf 90' lang='lat' dir='ltr'><strong>ceterisque</strong></span> <span class='ocrx_word' id='word_1_71' title='bbox 1098 1376 1182 1437; x_wconf 91' lang='lat' dir='ltr'><strong>quos</strong></span> 
     </span>
     <span class='ocr_line' id='line_1_11' title="bbox 136 1459 1183 1545; baseline 0.006 -24"><span class='ocrx_word' id='word_1_72' title='bbox 136 1459 193 1522; x_wconf 89' lang='lat' dir='ltr'><strong>illa</strong></span> <span class='ocrx_word' id='word_1_73' title='bbox 209 1459 378 1523; x_wconf 91' lang='lat' dir='ltr'><strong>delectant</strong></span> <span class='ocrx_word' id='word_1_74' title='bbox 397 1480 463 1522; x_wconf 92' lang='lat' dir='ltr'><strong>non</strong></span> <span class='ocrx_word' id='word_1_75' title='bbox 480 1460 576 1524; x_wconf 87' lang='lat' dir='ltr'><strong>valde</strong></span> <span class='ocrx_word' id='word_1_76' title='bbox 597 1460 720 1524; x_wconf 92' lang='lat' dir='ltr'><strong>inimici</strong></span> <span class='ocrx_word' id='word_1_77' title='bbox 743 1480 867 1537; x_wconf 90' lang='lat' dir='ltr'><strong>sumus,</strong></span> <span class='ocrx_word' id='word_1_78' title='bbox 886 1462 1000 1526; x_wconf 93' lang='lat' dir='ltr'><strong>nescio</strong></span> <span class='ocrx_word' id='word_1_79' title='bbox 1024 1483 1066 1525; x_wconf 96' lang='lat' dir='ltr'><strong>an</strong></span> <span class='ocrx_word' id='word_1_80' title='bbox 1092 1463 1183 1545; x_wconf 91' lang='lat' dir='ltr'><strong>igno-</strong></span> 
     </span>
     <span class='ocr_line' id='line_1_12' title="bbox 135 1568 1182 1654; baseline 0.005 -24"><span class='ocrx_word' id='word_1_81' title='bbox 135 1569 299 1631; x_wconf 90' lang='lat' dir='ltr'><strong>scendum</strong></span> <span class='ocrx_word' id='word_1_82' title='bbox 325 1568 367 1631; x_wconf 91' lang='lat' dir='ltr'><strong>sit</strong></span> <span class='ocrx_word' id='word_1_83' title='bbox 393 1569 479 1643; x_wconf 93' lang='lat' dir='ltr'><strong>huic,</strong></span> <span class='ocrx_word' id='word_1_84' title='bbox 498 1568 527 1631; x_wconf 92' lang='lat' dir='ltr'><strong>si</strong></span> <span class='ocrx_word' id='word_1_85' title='bbox 549 1577 725 1650; x_wconf 92' lang='lat' dir='ltr'><strong>tantopere</strong></span> <span class='ocrx_word' id='word_1_86' title='bbox 749 1570 892 1647; x_wconf 86' lang='lat' dir='ltr'><strong>laborat;</strong></span> <span class='ocrx_word' id='word_1_87' title='bbox 917 1571 951 1633; x_wconf 90' lang='lat' dir='ltr'><strong>in</strong></span> <span class='ocrx_word' id='word_1_88' title='bbox 968 1592 1034 1654; x_wconf 96' lang='lat' dir='ltr'><strong>quo</strong></span> <span class='ocrx_word' id='word_1_89' title='bbox 1051 1572 1182 1635; x_wconf 86' lang='lat' dir='ltr'><strong>etiamsi</strong></span> 
     </span>
     <span class='ocr_line' id='line_1_13' title="bbox 135 1665 1215 1761; baseline 0.004 -21"><span class='ocrx_word' id='word_1_90' title='bbox 135 1685 265 1758; x_wconf 89' lang='lat' dir='ltr'><strong>peccat,</strong></span> <span class='ocrx_word' id='word_1_91' title='bbox 284 1665 391 1759; x_wconf 88' lang='lat' dir='ltr'><strong>magis</strong></span> <span class='ocrx_word' id='word_1_92' title='bbox 417 1677 553 1759; x_wconf 91' lang='lat' dir='ltr'><strong>ineptiis</strong></span> <span class='ocrx_word' id='word_1_93' title='bbox 578 1697 676 1760; x_wconf 89' lang='lat' dir='ltr'><strong>quam</strong></span> <span class='ocrx_word' id='word_1_94' title='bbox 701 1678 915 1761; x_wconf 89' lang='lat' dir='ltr'><strong>improbitate</strong></span> <span class='ocrx_word' id='word_1_95' title='bbox 937 1689 1063 1761; x_wconf 88' lang='lat' dir='ltr'><strong>peccat.</strong></span> <span class='ocrx_word' id='word_1_96' title='bbox 1114 1680 1182 1744; x_wconf 91' lang='lat' dir='ltr'><strong>Sed</strong></span> <span class='ocrx_word' id='word_1_97' title='bbox 1202 1701 1215 1753; x_wconf 82' lang='lat'>5</span> 
     </span>
     <span class='ocr_line' id='line_1_14' title="bbox 135 1784 1181 1870; baseline 0.005 -23"><span class='ocrx_word' id='word_1_98' title='bbox 135 1805 179 1847; x_wconf 92' lang='lat' dir='ltr'><strong>ne</strong></span> <span class='ocrx_word' id='word_1_99' title='bbox 192 1784 341 1866; x_wconf 87' lang='lat' dir='ltr'><strong>plura-</strong></span> <span class='ocrx_word' id='word_1_100' title='bbox 352 1785 530 1848; x_wconf 91' lang='lat' dir='ltr'><strong>dicendum</strong></span> <span class='ocrx_word' id='word_1_101' title='bbox 544 1786 632 1848; x_wconf 93' lang='lat' dir='ltr'><strong>enim</strong></span> <span class='ocrx_word' id='word_1_102' title='bbox 646 1786 822 1868; x_wconf 86' lang='lat' dir='ltr'><strong>aliquando</strong></span> <span class='ocrx_word' id='word_1_103' title='bbox 836 1797 887 1850; x_wconf 92' lang='lat' dir='ltr'><strong>est</strong></span> <span class='ocrx_word' id='word_1_104' title='bbox 896 1825 949 1863; x_wconf 95' lang='lat'><strong>—,</strong></span> <span class='ocrx_word' id='word_1_105' title='bbox 964 1788 1181 1870; x_wconf 93' lang='lat' dir='ltr'><strong>Pomponium</strong></span> 
     </span>
     <span class='ocr_line' id='line_1_15' title="bbox 135 1892 1181 1961; baseline 0.006 -6"><span class='ocrx_word' id='word_1_106' title='bbox 135 1892 292 1956; x_wconf 89' lang='lat' dir='ltr'><strong>Atticum</strong></span> <span class='ocrx_word' id='word_1_107' title='bbox 322 1893 369 1956; x_wconf 91' lang='lat' dir='ltr'><strong>sic</strong></span> <span class='ocrx_word' id='word_1_108' title='bbox 397 1913 472 1956; x_wconf 91' lang='lat' dir='ltr'><strong>amo</strong></span> <span class='ocrx_word' id='word_1_109' title='bbox 497 1903 533 1956; x_wconf 93' lang='lat' dir='ltr'><strong>ut</strong></span> <span class='ocrx_word' id='word_1_110' title='bbox 559 1894 699 1957; x_wconf 89' lang='lat' dir='ltr'><strong>alterum</strong></span> <span class='ocrx_word' id='word_1_111' title='bbox 730 1895 878 1960; x_wconf 82' lang='lat' dir='ltr'><strong>fratrem.</strong></span> <span class='ocrx_word' id='word_1_112' title='bbox 930 1896 1023 1959; x_wconf 92' lang='lat' dir='ltr'><strong>Nihil</strong></span> <span class='ocrx_word' id='word_1_113' title='bbox 1048 1907 1099 1960; x_wconf 92' lang='lat' dir='ltr'><strong>est</strong></span> <span class='ocrx_word' id='word_1_114' title='bbox 1125 1897 1181 1961; x_wconf 94' lang='lat' dir='ltr'><strong>illo</strong></span> 
     </span>
     <span class='ocr_line' id='line_1_16' title="bbox 135 2000 1182 2088; baseline 0.004 -25"><span class='ocrx_word' id='word_1_115' title='bbox 135 2000 219 2063; x_wconf 92' lang='lat' dir='ltr'><strong>mihi</strong></span> <span class='ocrx_word' id='word_1_116' title='bbox 233 2021 295 2065; x_wconf 92' lang='lat' dir='ltr'><strong>nec</strong></span> <span class='ocrx_word' id='word_1_117' title='bbox 309 2002 416 2065; x_wconf 93' lang='lat' dir='ltr'><strong>carius</strong></span> <span class='ocrx_word' id='word_1_118' title='bbox 430 2021 492 2064; x_wconf 91' lang='lat' dir='ltr'><strong>nec</strong></span> <span class='ocrx_word' id='word_1_119' title='bbox 506 2001 692 2066; x_wconf 78' lang='lat' dir='ltr'><strong>iucundius,</strong></span> <span class='ocrx_word' id='word_1_120' title='bbox 744 2003 777 2066; x_wconf 89' lang='lat' dir='ltr'><strong>Is</strong></span> <span class='ocrx_word' id='word_1_121' title='bbox 793 2008 872 2088; x_wconf 79' lang='lat' dir='ltr'><strong>(non</strong></span> <span class='ocrx_word' id='word_1_122' title='bbox 890 2024 955 2085; x_wconf 94' lang='lat' dir='ltr'><strong>quo</strong></span> <span class='ocrx_word' id='word_1_123' title='bbox 973 2004 1016 2066; x_wconf 91' lang='lat' dir='ltr'><strong>sit</strong></span> <span class='ocrx_word' id='word_1_124' title='bbox 1035 2023 1075 2066; x_wconf 89' lang='lat' dir='ltr'><strong>ex</strong></span> <span class='ocrx_word' id='word_1_125' title='bbox 1092 2004 1182 2081; x_wconf 90' lang='lat' dir='ltr'><strong>istis;</strong></span> 
     </span>
     <span class='ocr_line' id='line_1_17' title="bbox 134 2109 1181 2192; baseline 0.003 -19"><span class='ocrx_word' id='word_1_126' title='bbox 134 2118 188 2173; x_wconf 90' lang='lat' dir='ltr'><strong>est</strong></span> <span class='ocrx_word' id='word_1_127' title='bbox 206 2109 296 2172; x_wconf 92' lang='lat' dir='ltr'><strong>enim</strong></span> <span class='ocrx_word' id='word_1_128' title='bbox 319 2109 409 2172; x_wconf 88' lang='lat' dir='ltr'><strong>omni</strong></span> <span class='ocrx_word' id='word_1_129' title='bbox 432 2109 560 2173; x_wconf 91' lang='lat' dir='ltr'><strong>liberali</strong></span> <span class='ocrx_word' id='word_1_130' title='bbox 585 2111 737 2174; x_wconf 91' lang='lat' dir='ltr'><strong>doctrina</strong></span> <span class='ocrx_word' id='word_1_131' title='bbox 761 2111 990 2192; x_wconf 90' lang='lat' dir='ltr'><strong>politissimus,</strong></span> <span class='ocrx_word' id='word_1_132' title='bbox 1010 2113 1068 2175; x_wconf 92' lang='lat' dir='ltr'><strong>sed</strong></span> <span class='ocrx_word' id='word_1_133' title='bbox 1086 2113 1181 2176; x_wconf 87' lang='lat' dir='ltr'><strong>valde</strong></span> 
     </span>
     <span class='ocr_line' id='line_1_18' title="bbox 133 2218 1180 2301; baseline 0.004 -20"><span class='ocrx_word' id='word_1_134' title='bbox 133 2218 245 2301; x_wconf 87' lang='lat' dir='ltr'><strong>diligit</strong></span> <span class='ocrx_word' id='word_1_135' title='bbox 264 2219 452 2295; x_wconf 88' lang='lat' dir='ltr'><strong>Patronem,</strong></span> <span class='ocrx_word' id='word_1_136' title='bbox 471 2220 566 2282; x_wconf 93' lang='lat' dir='ltr'><strong>valde</strong></span> <span class='ocrx_word' id='word_1_137' title='bbox 584 2220 769 2283; x_wconf 91' lang='lat' dir='ltr'><strong>Phaedrum</strong></span> <span class='ocrx_word' id='word_1_138' title='bbox 792 2221 927 2301; x_wconf 87' lang='lat' dir='ltr'><strong>amavit)</strong></span> <span class='ocrx_word' id='word_1_139' title='bbox 946 2221 994 2284; x_wconf 90' lang='lat' dir='ltr'><strong>sic</strong></span> <span class='ocrx_word' id='word_1_140' title='bbox 1012 2241 1031 2283; x_wconf 88' lang='lat' dir='ltr'><strong>a</strong></span> <span class='ocrx_word' id='word_1_141' title='bbox 1047 2241 1100 2284; x_wconf 94' lang='lat' dir='ltr'><strong>me</strong></span> <span class='ocrx_word' id='word_1_142' title='bbox 1118 2222 1180 2286; x_wconf 94' lang='lat' dir='ltr'><strong>hoc</strong></span> 
     </span>
     <span class='ocr_line' id='line_1_19' title="bbox 133 2327 1181 2411; baseline 0.001 -19"><span class='ocrx_word' id='word_1_143' title='bbox 133 2327 322 2403; x_wconf 82' lang='lat' dir='ltr'><strong>contendit,</strong></span> <span class='ocrx_word' id='word_1_144' title='bbox 340 2328 439 2391; x_wconf 94' lang='lat' dir='ltr'><strong>homo</strong></span> <span class='ocrx_word' id='word_1_145' title='bbox 457 2329 594 2391; x_wconf 90' lang='lat' dir='ltr'><strong>minime</strong></span> <span class='ocrx_word' id='word_1_146' title='bbox 611 2328 816 2404; x_wconf 88' lang='lat' dir='ltr'><strong>ambitiosus,</strong></span> <span class='ocrx_word' id='word_1_147' title='bbox 832 2329 969 2392; x_wconf 89' lang='lat' dir='ltr'><strong>minime</strong></span> <span class='ocrx_word' id='word_1_148' title='bbox 986 2329 1017 2391; x_wconf 92' lang='lat' dir='ltr'><strong>in</strong></span> <span class='ocrx_word' id='word_1_149' title='bbox 1033 2332 1181 2411; x_wconf 91' lang='lat' dir='ltr'><strong>rogando</strong></span> 
     </span>
     <span class='ocr_line' id='line_1_20' title="bbox 133 2435 1180 2520; baseline 0.002 -21"><span class='ocrx_word' id='word_1_150' title='bbox 133 2435 308 2511; x_wconf 90' lang='lat' dir='ltr'><strong>molestus,</strong></span> <span class='ocrx_word' id='word_1_151' title='bbox 327 2447 364 2499; x_wconf 92' lang='lat' dir='ltr'><strong>ut</strong></span> <span class='ocrx_word' id='word_1_152' title='bbox 382 2436 462 2499; x_wconf 94' lang='lat' dir='ltr'><strong>nihil</strong></span> <span class='ocrx_word' id='word_1_153' title='bbox 483 2457 637 2519; x_wconf 86' lang='lat' dir='ltr'><strong>umquam</strong></span> <span class='ocrx_word' id='word_1_154' title='bbox 657 2437 773 2519; x_wconf 90' lang='lat' dir='ltr'><strong>magis,</strong></span> <span class='ocrx_word' id='word_1_155' title='bbox 793 2457 854 2500; x_wconf 93' lang='lat' dir='ltr'><strong>nec</strong></span> <span class='ocrx_word' id='word_1_156' title='bbox 872 2438 1002 2502; x_wconf 92' lang='lat' dir='ltr'><strong>dubitat</strong></span> <span class='ocrx_word' id='word_1_157' title='bbox 1019 2438 1099 2520; x_wconf 93' lang='lat' dir='ltr'><strong>quin</strong></span> <span class='ocrx_word' id='word_1_158' title='bbox 1118 2459 1180 2520; x_wconf 91' lang='lat' dir='ltr'><strong>ego</strong></span> 
     </span>
     <span class='ocr_line' id='line_1_21' title="bbox 132 2545 1180 2628; baseline 0.001 -20"><span class='ocrx_word' id='word_1_159' title='bbox 132 2554 208 2608; x_wconf 90' lang='lat' dir='ltr'><strong>ate</strong></span> <span class='ocrx_word' id='word_1_160' title='bbox 237 2554 322 2608; x_wconf 92' lang='lat' dir='ltr'><strong>nutu</strong></span> <span class='ocrx_word' id='word_1_161' title='bbox 347 2546 410 2609; x_wconf 92' lang='lat' dir='ltr'><strong>hoc</strong></span> <span class='ocrx_word' id='word_1_162' title='bbox 437 2545 596 2628; x_wconf 90' lang='lat' dir='ltr'><strong>consequi</strong></span> <span class='ocrx_word' id='word_1_163' title='bbox 622 2565 765 2627; x_wconf 90' lang='lat' dir='ltr'><strong>possem,</strong></span> <span class='ocrx_word' id='word_1_164' title='bbox 791 2545 921 2608; x_wconf 92' lang='lat' dir='ltr'><strong>etiamsi</strong></span> <span class='ocrx_word' id='word_1_165' title='bbox 947 2545 1180 2609; x_wconf 89' lang='lat' dir='ltr'><strong>aedificaturus</strong></span> 
     </span>
     <span class='ocr_line' id='line_1_22' title="bbox 131 2653 1180 2736; baseline 0.001 -19"><span class='ocrx_word' id='word_1_166' title='bbox 131 2674 238 2718; x_wconf 91' lang='lat' dir='ltr'><strong>esses.</strong></span> <span class='ocrx_word' id='word_1_167' title='bbox 290 2654 390 2717; x_wconf 89' lang='lat' dir='ltr'><strong>Nunc</strong></span> <span class='ocrx_word' id='word_1_168' title='bbox 412 2674 492 2717; x_wconf 90' lang='lat' dir='ltr'><strong>vero</strong></span> <span class='ocrx_word' id='word_1_169' title='bbox 517 2654 544 2716; x_wconf 94' lang='lat' dir='ltr'><strong>si</strong></span> <span class='ocrx_word' id='word_1_170' title='bbox 570 2653 711 2716; x_wconf 89' lang='lat' dir='ltr'><strong>audierit</strong></span> <span class='ocrx_word' id='word_1_171' title='bbox 734 2663 768 2716; x_wconf 92' lang='lat' dir='ltr'><strong>te</strong></span> <span class='ocrx_word' id='word_1_172' title='bbox 792 2654 1057 2717; x_wconf 88' lang='lat' dir='ltr'><strong>aedificationem</strong></span> <span class='ocrx_word' id='word_1_173' title='bbox 1082 2655 1180 2736; x_wconf 89' lang='lat' dir='ltr'><strong>depo·</strong></span> 
     </span>
     <span class='ocr_line' id='line_1_23' title="bbox 131 2761 1179 2846; baseline 0.002 -22"><span class='ocrx_word' id='word_1_174' title='bbox 131 2761 243 2825; x_wconf 91' lang='lat' dir='ltr'><strong>suisse</strong></span> <span class='ocrx_word' id='word_1_175' title='bbox 261 2782 369 2846; x_wconf 92' lang='lat' dir='ltr'><strong>neque</strong></span> <span class='ocrx_word' id='word_1_176' title='bbox 392 2772 504 2825; x_wconf 90' lang='lat' dir='ltr'><strong>tamen</strong></span> <span class='ocrx_word' id='word_1_177' title='bbox 527 2782 580 2824; x_wconf 94' lang='lat' dir='ltr'><strong>me</strong></span> <span class='ocrx_word' id='word_1_178' title='bbox 599 2771 672 2824; x_wconf 91' lang='lat' dir='ltr'><strong>ate</strong></span> <span class='ocrx_word' id='word_1_179' title='bbox 694 2761 901 2844; x_wconf 86' lang='lat' dir='ltr'><strong>impetrasse,</strong></span> <span class='ocrx_word' id='word_1_180' title='bbox 922 2783 989 2825; x_wconf 92' lang='lat' dir='ltr'><strong>non</strong></span> <span class='ocrx_word' id='word_1_181' title='bbox 1011 2771 1046 2825; x_wconf 95' lang='lat' dir='ltr'><strong>te</strong></span> <span class='ocrx_word' id='word_1_182' title='bbox 1069 2763 1103 2825; x_wconf 91' lang='lat' dir='ltr'><strong>in</strong></span> <span class='ocrx_word' id='word_1_183' title='bbox 1126 2783 1179 2826; x_wconf 94' lang='lat' dir='ltr'><strong>me</strong></span> 
     </span>
     <span class='ocr_line' id='line_1_24' title="bbox 131 2870 1179 2954; baseline 0.002 -22"><span class='ocrx_word' id='word_1_184' title='bbox 131 2870 350 2946; x_wconf 87' lang='lat' dir='ltr'><strong>inliberalem,</strong></span> <span class='ocrx_word' id='word_1_185' title='bbox 366 2871 425 2934; x_wconf 93' lang='lat' dir='ltr'><strong>sed</strong></span> <span class='ocrx_word' id='word_1_186' title='bbox 442 2891 496 2934; x_wconf 93' lang='lat' dir='ltr'><strong>me</strong></span> <span class='ocrx_word' id='word_1_187' title='bbox 513 2870 547 2933; x_wconf 93' lang='lat' dir='ltr'><strong>in</strong></span> <span class='ocrx_word' id='word_1_188' title='bbox 564 2890 601 2933; x_wconf 94' lang='lat' dir='ltr'><strong>se</strong></span> <span class='ocrx_word' id='word_1_189' title='bbox 617 2870 855 2952; x_wconf 87' lang='lat' dir='ltr'><strong>neglegentem</strong></span> <span class='ocrx_word' id='word_1_190' title='bbox 871 2871 1014 2952; x_wconf 88' lang='lat' dir='ltr'><strong>putabit.</strong></span> <span class='ocrx_word' id='word_1_191' title='bbox 1056 2871 1179 2954; x_wconf 85' lang='lat' dir='ltr'><strong>Quam-</strong></span> 
     </span>
     <span class='ocr_line' id='line_1_25' title="bbox 129 2979 1178 3061; baseline 0 -19"><span class='ocrx_word' id='word_1_192' title='bbox 129 2980 248 3043; x_wconf 92' lang='lat' dir='ltr'><strong>obrem</strong></span> <span class='ocrx_word' id='word_1_193' title='bbox 274 2989 354 3061; x_wconf 93' lang='lat' dir='ltr'><strong>peto</strong></span> <span class='ocrx_word' id='word_1_194' title='bbox 379 2999 399 3042; x_wconf 89' lang='lat' dir='ltr'><strong>a</strong></span> <span class='ocrx_word' id='word_1_195' title='bbox 423 2989 457 3043; x_wconf 94' lang='lat' dir='ltr'><strong>te</strong></span> <span class='ocrx_word' id='word_1_196' title='bbox 482 2989 518 3042; x_wconf 93' lang='lat' dir='ltr'><strong>ut</strong></span> <span class='ocrx_word' id='word_1_197' title='bbox 544 2979 670 3042; x_wconf 90' lang='lat' dir='ltr'><strong>scribas</strong></span> <span class='ocrx_word' id='word_1_198' title='bbox 695 2980 736 3042; x_wconf 90' lang='lat' dir='ltr'><strong>ad</strong></span> <span class='ocrx_word' id='word_1_199' title='bbox 760 2988 837 3042; x_wconf 92' lang='lat' dir='ltr'><strong>tuos</strong></span> <span class='ocrx_word' id='word_1_200' title='bbox 862 2999 961 3060; x_wconf 90' lang='lat' dir='ltr'><strong>posse</strong></span> <span class='ocrx_word' id='word_1_201' title='bbox 983 2988 1041 3042; x_wconf 90' lang='lat' dir='ltr'><strong>tua</strong></span> <span class='ocrx_word' id='word_1_202' title='bbox 1064 2979 1178 3042; x_wconf 92' lang='lat' dir='ltr'><strong>volun-</strong></span> 
     </span>
     <span class='ocr_line' id='line_1_26' title="bbox 129 3087 1178 3170; baseline -0.001 -20"><span class='ocrx_word' id='word_1_203' title='bbox 129 3097 202 3151; x_wconf 91' lang='lat' dir='ltr'><strong>tate</strong></span> <span class='ocrx_word' id='word_1_204' title='bbox 220 3089 391 3151; x_wconf 90' lang='lat' dir='ltr'><strong>decretum</strong></span> <span class='ocrx_word' id='word_1_205' title='bbox 405 3087 486 3151; x_wconf 93' lang='lat' dir='ltr'><strong>illud</strong></span> <span class='ocrx_word' id='word_1_206' title='bbox 503 3087 793 3170; x_wconf 89' lang='lat' dir='ltr'><strong>Areopagitarum,</strong></span> <span class='ocrx_word' id='word_1_207' title='bbox 812 3108 911 3170; x_wconf 91' lang='lat' dir='ltr'><strong>quem</strong></span> <span class='ocrx_word' id='word_1_208' title='bbox 932 3087 1178 3165; x_wconf 84' lang='grc' dir='ltr'>ὑπομνηματισ-</span> 
     </span>
    </p>
   </div>
   <div class='ocr_carea' id='block_1_3' title="bbox 129 3228 1177 3902">
    <p class='ocr_par' dir='ltr' id='par_1_3' title="bbox 129 3228 1177 3828">
     <span class='ocr_line' id='line_1_27' title="bbox 130 3228 1177 3292; baseline 0.001 -14"><span class='ocrx_word' id='word_1_209' title='bbox 130 3231 313 3278; x_wconf 83' lang='lat' dir='ltr'><strong>—honorern</strong></span> <span class='ocrx_word' id='word_1_210' title='bbox 332 3228 476 3280; x_wconf 88' lang='lat' dir='ltr'><strong>officium:</strong></span> <span class='ocrx_word' id='word_1_211' title='bbox 500 3229 540 3278; x_wconf 87' lang='lat' dir='ltr'><strong>his</strong></span> <span class='ocrx_word' id='word_1_212' title='bbox 558 3245 630 3292; x_wconf 86' lang='lat' dir='ltr'><strong>repu-</strong></span> <span class='ocrx_word' id='word_1_213' title='bbox 680 3243 734 3278; x_wconf 87' lang='lat' dir='ltr'><strong>nec</strong></span> <span class='ocrx_word' id='word_1_214' title='bbox 756 3265 762 3278; x_wconf 90' lang='lat'><strong>.</strong></span> <span class='ocrx_word' id='word_1_215' title='bbox 785 3265 791 3278; x_wconf 95' lang='lat'><strong>.</strong></span> <span class='ocrx_word' id='word_1_216' title='bbox 814 3265 821 3278; x_wconf 90' lang='lat'><strong>.</strong></span> <span class='ocrx_word' id='word_1_217' title='bbox 842 3242 896 3278; x_wconf 87' lang='lat' dir='ltr'><strong>nec</strong></span> <span class='ocrx_word' id='word_1_218' title='bbox 916 3228 1052 3278; x_wconf 86' lang='lat' dir='ltr'><strong>introduce</strong></span> <span class='ocrx_word' id='word_1_219' title='bbox 1073 3228 1177 3279; x_wconf 89' lang='lat' dir='ltr'><strong>distinct</strong></span> 
     </span>
     <span class='ocr_line' id='line_1_28' title="bbox 130 3295 1177 3361; baseline -0.001 -16"><span class='ocrx_word' id='word_1_220' title='bbox 130 3297 216 3345; x_wconf 88' lang='lat' dir='ltr'><strong>tation</strong></span> <span class='ocrx_word' id='word_1_221' title='bbox 234 3295 286 3344; x_wconf 89' lang='lat' dir='ltr'><strong>and</strong></span> <span class='ocrx_word' id='word_1_222' title='bbox 303 3295 344 3345; x_wconf 90' lang='lat' dir='ltr'><strong>his</strong></span> <span class='ocrx_word' id='word_1_223' title='bbox 362 3295 426 3361; x_wconf 86' lang='lat' dir='ltr'><strong>duty</strong></span> <span class='ocrx_word' id='word_1_224' title='bbox 443 3311 471 3345; x_wconf 86' lang='lat' dir='ltr'><strong>as</strong></span> <span class='ocrx_word' id='word_1_225' title='bbox 495 3295 583 3345; x_wconf 90' lang='lat' dir='ltr'><strong>leader</strong></span> <span class='ocrx_word' id='word_1_226' title='bbox 600 3296 630 3344; x_wconf 83' lang='lat' dir='ltr'><strong>of</strong></span> <span class='ocrx_word' id='word_1_227' title='bbox 680 3296 775 3360; x_wconf 89' lang='lat' dir='ltr'><strong>phases</strong></span> <span class='ocrx_word' id='word_1_228' title='bbox 785 3296 813 3344; x_wconf 87' lang='lat' dir='ltr'><strong>of</strong></span> <span class='ocrx_word' id='word_1_229' title='bbox 825 3297 870 3345; x_wconf 93' lang='lat' dir='ltr'><strong>the</strong></span> <span class='ocrx_word' id='word_1_230' title='bbox 881 3297 985 3358; x_wconf 86' lang='lat' dir='ltr'><strong>general</strong></span> <span class='ocrx_word' id='word_1_231' title='bbox 995 3295 1115 3359; x_wconf 86' lang='lat' dir='ltr'><strong>thought,</strong></span> <span class='ocrx_word' id='word_1_232' title='bbox 1125 3295 1177 3344; x_wconf 89' lang='lat' dir='ltr'><strong>and</strong></span> 
     </span>
     <span class='ocr_line' id='line_1_29' title="bbox 129 3362 1177 3426; baseline -0.001 -15"><span class='ocrx_word' id='word_1_233' title='bbox 129 3363 175 3411; x_wconf 92' lang='lat' dir='ltr'><strong>the</strong></span> <span class='ocrx_word' id='word_1_234' title='bbox 185 3363 329 3425; x_wconf 86' lang='lat' dir='ltr'><strong>Epicurean</strong></span> <span class='ocrx_word' id='word_1_235' title='bbox 338 3371 630 3412; x_wconf 74' lang='lat' dir='ltr'><strong>sect-testamento·</strong></span> <span class='ocrx_word' id='word_1_236' title='bbox 680 3379 711 3412; x_wconf 93' lang='lat' dir='ltr'><strong>so</strong></span> <span class='ocrx_word' id='word_1_237' title='bbox 723 3362 757 3411; x_wconf 93' lang='lat' dir='ltr'><strong>do</strong></span> <span class='ocrx_word' id='word_1_238' title='bbox 771 3371 816 3411; x_wconf 91' lang='lat' dir='ltr'><strong>not</strong></span> <span class='ocrx_word' id='word_1_239' title='bbox 830 3363 934 3426; x_wconf 92' lang='lat' dir='ltr'><strong>destroy</strong></span> <span class='ocrx_word' id='word_1_240' title='bbox 947 3362 990 3411; x_wconf 90' lang='lat' dir='ltr'><strong>the</strong></span> <span class='ocrx_word' id='word_1_241' title='bbox 1005 3362 1136 3425; x_wconf 85' lang='lat' dir='ltr'><strong>negation.</strong></span> <span class='ocrx_word' id='word_1_242' title='bbox 1145 3391 1177 3399; x_wconf 88' lang='lat'><em>-</em></span> 
     </span>
     <span class='ocr_line' id='line_1_30' title="bbox 129 3428 1176 3494; baseline -0.002 -14"><span class='ocrx_word' id='word_1_243' title='bbox 129 3444 195 3480; x_wconf 87' lang='lat' dir='ltr'><strong>rum</strong></span> <span class='ocrx_word' id='word_1_244' title='bbox 205 3430 261 3478; x_wconf 86' lang='lat' dir='ltr'><strong>ius:</strong></span> <span class='ocrx_word' id='word_1_245' title='bbox 272 3429 397 3492; x_wconf 86' lang='lat' dir='ltr'><strong>Epicurus</strong></span> <span class='ocrx_word' id='word_1_246' title='bbox 406 3428 629 3494; x_wconf 83' lang='lat' dir='ltr'><strong>hadbequeathed</strong></span> <span class='ocrx_word' id='word_1_247' title='bbox 680 3444 738 3478; x_wconf 92' lang='lat' dir='ltr'><strong>non</strong></span> <span class='ocrx_word' id='word_1_248' title='bbox 751 3444 808 3493; x_wconf 93' lang='lat' dir='ltr'><strong>quo</strong></span> <span class='ocrx_word' id='word_1_249' title='bbox 821 3430 858 3478; x_wconf 89' lang='lat' dir='ltr'><strong>sit</strong></span> <span class='ocrx_word' id='word_1_250' title='bbox 871 3444 906 3477; x_wconf 84' lang='lat' dir='ltr'><strong>ex</strong></span> <span class='ocrx_word' id='word_1_251' title='bbox 919 3429 994 3478; x_wconf 86' lang='lat' dir='ltr'><strong>istis:</strong></span> <span class='ocrx_word' id='word_1_252' title='bbox 1012 3429 1115 3477; x_wconf 90' lang='lat' dir='ltr'><strong>Atticus</strong></span> <span class='ocrx_word' id='word_1_253' title='bbox 1124 3444 1176 3478; x_wconf 83' lang='lat' dir='ltr'><strong>was</strong></span> 
     </span>
     <span class='ocr_line' id='line_1_31' title="bbox 129 3495 1177 3560; baseline 0 -16"><span class='ocrx_word' id='word_1_254' title='bbox 129 3496 171 3545; x_wconf 90' lang='lat' dir='ltr'><strong>his</strong></span> <span class='ocrx_word' id='word_1_255' title='bbox 183 3495 282 3559; x_wconf 87' lang='lat' dir='ltr'><strong>garden</strong></span> <span class='ocrx_word' id='word_1_256' title='bbox 295 3495 346 3544; x_wconf 93' lang='lat' dir='ltr'><strong>and</strong></span> <span class='ocrx_word' id='word_1_257' title='bbox 358 3496 442 3545; x_wconf 91' lang='lat' dir='ltr'><strong>house</strong></span> <span class='ocrx_word' id='word_1_258' title='bbox 457 3505 484 3545; x_wconf 91' lang='lat' dir='ltr'><strong>to</strong></span> <span class='ocrx_word' id='word_1_259' title='bbox 496 3497 543 3544; x_wconf 66' lang='lat' dir='ltr'><strong>‘his</strong></span> <span class='ocrx_word' id='word_1_260' title='bbox 556 3496 628 3544; x_wconf 90' lang='lat' dir='ltr'><strong>disci·</strong></span> <span class='ocrx_word' id='word_1_261' title='bbox 680 3511 713 3544; x_wconf 92' lang='lat' dir='ltr'><strong>an</strong></span> <span class='ocrx_word' id='word_1_262' title='bbox 726 3497 878 3559; x_wconf 88' lang='lat' dir='ltr'><strong>Epicurean.</strong></span> <span class='ocrx_word' id='word_1_263' title='bbox 887 3495 1021 3560; x_wconf 83' lang='lat' dir='ltr'><strong>-diligit</strong></span> <span class='ocrx_word' id='word_1_264' title='bbox 1034 3530 1041 3544; x_wconf 89' lang='lat'><strong>.</strong></span> <span class='ocrx_word' id='word_1_265' title='bbox 1055 3530 1062 3544; x_wconf 93' lang='lat'><strong>.</strong></span> <span class='ocrx_word' id='word_1_266' title='bbox 1076 3530 1083 3543; x_wconf 90' lang='lat'><strong>.</strong></span> <span class='ocrx_word' id='word_1_267' title='bbox 1096 3509 1177 3544; x_wconf 84' lang='lat' dir='ltr'><strong>ama-</strong></span> 
     </span>
     <span class='ocr_line' id='line_1_32' title="bbox 129 3562 1175 3627; baseline -0.001 -17"><span class='ocrx_word' id='word_1_268' title='bbox 129 3564 193 3626; x_wconf 89' lang='lat' dir='ltr'><strong>ples.</strong></span> <span class='ocrx_word' id='word_1_269' title='bbox 202 3592 235 3598; x_wconf 93' lang='lat'><em>-</em></span> <span class='ocrx_word' id='word_1_270' title='bbox 246 3563 369 3611; x_wconf 78' lang='lat' dir='ltr'><strong>Phaedri</strong></span> <span class='ocrx_word' id='word_1_271' title='bbox 391 3562 627 3613; x_wconf 83' lang='lat' dir='ltr'><strong>obtestationem:</strong></span> <span class='ocrx_word' id='word_1_272' title='bbox 679 3563 731 3612; x_wconf 88' lang='lat' dir='ltr'><strong>vit:</strong></span> <span class='ocrx_word' id='word_1_273' title='bbox 748 3563 847 3627; x_wconf 90' lang='lat' dir='ltr'><strong>Tyrrell</strong></span> <span class='ocrx_word' id='word_1_274' title='bbox 856 3563 919 3612; x_wconf 90' lang='lat' dir='ltr'><strong>cites</strong></span> <span class='ocrx_word' id='word_1_275' title='bbox 930 3563 984 3610; x_wconf 86' lang='lat' dir='ltr'><strong>Cic.</strong></span> <span class='ocrx_word' id='word_1_276' title='bbox 994 3564 1044 3624; x_wconf 87' lang='lat' dir='ltr'><strong>Ep.</strong></span> <span class='ocrx_word' id='word_1_277' title='bbox 1055 3563 1091 3610; x_wconf 87' lang='lat' dir='ltr'><strong>ad</strong></span> <span class='ocrx_word' id='word_1_278' title='bbox 1098 3563 1175 3610; x_wconf 88' lang='lat' dir='ltr'><strong>Brut.</strong></span> 
     </span>
     <span class='ocr_line' id='line_1_33' title="bbox 132 3628 1177 3694; baseline -0.001 -17"><span class='ocrx_word' id='word_1_279' title='bbox 132 3628 265 3678; x_wconf 89' lang='lat' dir='ltr'><strong>Phaedrus</strong></span> <span class='ocrx_word' id='word_1_280' title='bbox 286 3629 337 3677; x_wconf 92' lang='lat' dir='ltr'><strong>had</strong></span> <span class='ocrx_word' id='word_1_281' title='bbox 359 3629 485 3694; x_wconf 90' lang='lat' dir='ltr'><strong>probably</strong></span> <span class='ocrx_word' id='word_1_282' title='bbox 506 3628 628 3694; x_wconf 89' lang='lat' dir='ltr'><strong>enjoined</strong></span> <span class='ocrx_word' id='word_1_283' title='bbox 682 3643 755 3677; x_wconf 89' lang='lat'><strong>1.1.1</strong></span> <span class='ocrx_word' id='word_1_284' title='bbox 777 3631 880 3678; x_wconf 84' lang='lat' dir='ltr'><strong>Clodius</strong></span> <span class='ocrx_word' id='word_1_285' title='bbox 895 3629 950 3677; x_wconf 81' lang='lat' dir='ltr'><strong>trib.</strong></span> <span class='ocrx_word' id='word_1_286' title='bbox 956 3631 1021 3691; x_wconf 80' lang='lat' dir='ltr'><strong>pleb.</strong></span> <span class='ocrx_word' id='word_1_287' title='bbox 1032 3631 1177 3692; x_wconf 67' lang='lat' dir='ltr'><strong>designatus</strong></span> 
     </span>
     <span class='ocr_line' id='line_1_34' title="bbox 130 3695 1176 3759; baseline 0 -15"><span class='ocrx_word' id='word_1_288' title='bbox 130 3712 201 3759; x_wconf 91' lang='lat' dir='ltr'><strong>upon</strong></span> <span class='ocrx_word' id='word_1_289' title='bbox 220 3695 261 3744; x_wconf 91' lang='lat' dir='ltr'><strong>his</strong></span> <span class='ocrx_word' id='word_1_290' title='bbox 279 3711 414 3745; x_wconf 87' lang='lat' dir='ltr'><strong>successor</strong></span> <span class='ocrx_word' id='word_1_291' title='bbox 432 3698 510 3745; x_wconf 87' lang='lat' dir='ltr'><strong>Patro</strong></span> <span class='ocrx_word' id='word_1_292' title='bbox 525 3697 569 3745; x_wconf 85' lang='lat' dir='ltr'><strong>the</strong></span> <span class='ocrx_word' id='word_1_293' title='bbox 587 3712 629 3745; x_wconf 89' lang='lat' dir='ltr'><strong>ne·</strong></span> <span class='ocrx_word' id='word_1_294' title='bbox 679 3697 753 3745; x_wconf 81' lang='lat' dir='ltr'><strong>valde</strong></span> <span class='ocrx_word' id='word_1_295' title='bbox 764 3713 803 3745; x_wconf 85' lang='lat' dir='ltr'><strong>me</strong></span> <span class='ocrx_word' id='word_1_296' title='bbox 814 3697 906 3759; x_wconf 79' lang='lat' dir='ltr'><strong>diligit,</strong></span> <span class='ocrx_word' id='word_1_297' title='bbox 919 3697 960 3743; x_wconf 88' lang='lat' dir='ltr'><strong>vel</strong></span> <span class='ocrx_word' id='word_1_298' title='bbox 971 3703 1001 3744; x_wconf 87' lang='lat' dir='ltr'><strong>ut</strong></span> <span class='ocrx_word' id='word_1_299' title='bbox 1011 3696 1176 3755; x_wconf 71' lang='lat' dir='ltr'><strong>dupurtxdre&#39;-</strong></span> 
     </span>
     <span class='ocr_line' id='line_1_35' title="bbox 129 3762 1177 3828; baseline 0 -18"><span class='ocrx_word' id='word_1_300' title='bbox 129 3762 226 3827; x_wconf 87' lang='lat' dir='ltr'><strong>cessity</strong></span> <span class='ocrx_word' id='word_1_301' title='bbox 238 3762 268 3810; x_wconf 84' lang='lat' dir='ltr'><strong>oi</strong></span> <span class='ocrx_word' id='word_1_302' title='bbox 279 3763 429 3825; x_wconf 88' lang='lat' dir='ltr'><strong>recovering</strong></span> <span class='ocrx_word' id='word_1_303' title='bbox 441 3763 485 3812; x_wconf 92' lang='lat' dir='ltr'><strong>the</strong></span> <span class='ocrx_word' id='word_1_304' title='bbox 498 3771 627 3828; x_wconf 87' lang='lat' dir='ltr'><strong>property.</strong></span> <span class='ocrx_word' id='word_1_305' title='bbox 677 3781 721 3824; x_wconf 86' lang='grc' dir='ltr'><strong>ρον</strong></span> <span class='ocrx_word' id='word_1_306' title='bbox 740 3765 830 3820; x_wconf 86' lang='lat' dir='ltr'><strong>dicam,</strong></span> <span class='ocrx_word' id='word_1_307' title='bbox 848 3763 922 3810; x_wconf 84' lang='lat' dir='ltr'><strong>valde</strong></span> <span class='ocrx_word' id='word_1_308' title='bbox 939 3778 979 3812; x_wconf 85' lang='lat' dir='ltr'><strong>me</strong></span> <span class='ocrx_word' id='word_1_309' title='bbox 996 3769 1073 3810; x_wconf 81' lang='lat' dir='ltr'><strong>amat.</strong></span> <span class='ocrx_word' id='word_1_310' title='bbox 1083 3763 1177 3811; x_wconf 83' lang='lat' dir='ltr'><strong>-de-</strong></span> 
     </span>
    </p>

    <p class='ocr_par' dir='ltr' id='par_1_4' title="bbox 165 3828 1176 3902">
     <span class='ocr_line' id='line_1_36' title="bbox 165 3828 1176 3902; baseline 0.001 -25"><span class='ocrx_word' id='word_1_311' title='bbox 165 3842 187 3894; x_wconf 82' lang='lat'><strong>5.</strong></span> <span class='ocrx_word' id='word_1_312' title='bbox 206 3828 288 3878; x_wconf 85' lang='lat' dir='ltr'><strong>nihil:</strong></span> <span class='ocrx_word' id='word_1_313' title='bbox 308 3828 341 3878; x_wconf 82' lang='lat' dir='ltr'><strong>cf.</strong></span> <span class='ocrx_word' id='word_1_314' title='bbox 361 3830 409 3893; x_wconf 90' lang='lat' dir='ltr'><strong>Ep.</strong></span> <span class='ocrx_word' id='word_1_315' title='bbox 429 3831 515 3902; x_wconf 63' lang='lat' dir='ltr'><strong>XllV.</strong></span> <span class='ocrx_word' id='word_1_316' title='bbox 533 3844 628 3891; x_wconf 85' lang='lat' dir='ltr'><strong>4n.—</strong></span> <span class='ocrx_word' id='word_1_317' title='bbox 679 3838 790 3880; x_wconf 83' lang='lat' dir='ltr'><strong>cretum</strong></span> <span class='ocrx_word' id='word_1_318' title='bbox 808 3829 892 3879; x_wconf 89' lang='lat' dir='ltr'><strong>illud:</strong></span> <span class='ocrx_word' id='word_1_319' title='bbox 914 3828 958 3878; x_wconf 89' lang='lat' dir='ltr'><strong>the</strong></span> <span class='ocrx_word' id='word_1_320' title='bbox 970 3828 1039 3893; x_wconf 89' lang='lat' dir='ltr'><strong>right</strong></span> <span class='ocrx_word' id='word_1_321' title='bbox 1051 3828 1080 3877; x_wconf 88' lang='lat' dir='ltr'><strong>of</strong></span> <span class='ocrx_word' id='word_1_322' title='bbox 1096 3830 1176 3878; x_wconf 89' lang='lat' dir='ltr'><strong>Mem·</strong></span> 
     </span>
    </p>
   </div>
   <div class='ocr_carea' id='block_1_4' title="bbox 0 0 1412 4330">
    <p class='ocr_par' dir='ltr' id='par_1_5' title="bbox 0 0 1412 4330">
     <span class='ocr_line' id='line_1_37' title="bbox 0 0 1412 4330; baseline 0 2"><span class='ocrx_word' id='word_1_323' title='bbox 0 0 1412 4330; x_wconf 95' lang='lat' dir='ltr'><strong> </strong></span> 
     </span>
    </p>
   </div>
  </div>
 </body>
</html>
