2814 4328
155 302 230 350 Fam.
244 315 268 350 2.
282 298 333 366 ῐὰ]
495 299 662 350 CICERO'S
687 299 860 350 LETTERS.
1155 297 1203 355 1⁷5

155 467 233 544 mei,
250 467 344 532 cuius
362 478 398 531 tu
416 467 557 531 similem
574 468 740 550 quondam
758 468 915 543 habebas,
935 469 994 532 sed
1012 467 1111 532 etiam
1129 488 1203 534 ocu·

155 577 263 642 lorum
290 576 323 639 in
349 576 521 640 hominum
547 575 762 640 insolentium
788 576 988 659 indignitate
1020 576 1200 642 fastidium.

157 684 303 748 Accedit
329 685 429 748 etiam
454 685 595 748 molesta
618 684 700 748 haec
725 704 847 767 pompa
873 684 1027 748 lictorum
1052 704 1201 749 meorum

157 812 348 876 nomenque
366 793 483 875 imperi
499 813 564 875 quo
581 793 737 876 appellor.
788 793 839 857 Eo
864 792 892 856 si
917 812 1018 856 onere
1043 813 1200 870 carerem,

156 901 308 984 quamvis
332 901 443 985 parvis
469 900 587 965 Italiae
611 901 748 964 latebris
773 910 952 966 contentus
981 920 1109 979 essem;
1143 903 1202 966 sed

156 1009 297 1073 incurrit
323 1010 405 1073 haec
430 1020 546 1073 nostra
572 1010 685 1073 laurus
710 1030 776 1073 non
802 1010 908 1073 solum
934 1009 968 1072 in
993 1011 1115 1085 oculos,
1143 1011 1207 1074 sed*

156 1117 222 1181 iam
248 1118 348 1182 etiam
381 1117 416 1180 in
441 1118 575 1182 voculas
606 1118 852 1182 malevolorum.
918 1118 1017 1201 Quod
1049 1140 1123 1182 cum
1156 1120 1203 1183 ita

156 1235 259 1301 esset,
290 1226 336 1289 nil
369 1236 482 1289 tamen
511 1246 665 1309 umquam
699 1226 740 1289 de
773 1226 982 1309 profectione
1014 1226 1078 1289 nisi
1106 1227 1201 1292 vobis

155 1334 419 1417 approbantibus
444 1334 597 1417 cogitavi.
649 1333 717 1399 Sed
745 1354 819 1398 mea
844 1335 1011 1416 praediola
1036 1336 1098 1397 tibi
1123 1346 1203 1400 nota

155 1453 251 1520 sunt;
278 1443 313 1505 in
330 1442 382 1506 his
398 1443 480 1506 mihi
498 1462 636 1506 necesse
660 1452 713 1506 est
738 1462 812 1506 esse
836 1461 888 1506 ne
903 1444 1017 1508 amicis
1041 1445 1201 1508 molestus

155 1551 231 1616 sim.
282 1551 382 1634 Quod
406 1561 517 1616 autem
543 1551 576 1614 in
601 1551 777 1615 maritimis
801 1551 958 1616 facillime
983 1573 1064 1628 sum,
1084 1573 1201 1616 moveo

156 1659 328 1724 nonnullis
353 1659 577 1743 suspicionem
603 1659 688 1723 velle
712 1679 765 1723 me
789 1660 954 1742 navigare,
977 1661 1063 1743 quod
1089 1671 1201 1724 tamen

155 1765 303 1832 fortasse
317 1788 385 1831 non
398 1768 530 1843 nollem,
543 1768 571 1832 si
588 1788 721 1850 possem
734 1768 775 1831 ad
792 1768 912 1844 otium;
930 1789 1006 1832 uam
1020 1771 1060 1833 ad
1077 1770 1201 1833 bellurn

155 1876 291 1960 quidem
308 1876 363 1959 qui
381 1876 561 1940 convenit?
593 1877 790 1959 praesertim
808 1887 925 1940 contra
941 1897 1016 1939 eum
1034 1877 1086 1940 cui
1104 1898 1201 1960 spero

155 1987 212 2048 me
237 1984 318 2048 satis
342 1985 473 2060 fecisse,
491 1987 533 2048 ab
553 2004 593 2048 eo
618 1985 670 2048 cui
697 1985 760 2048 iam
786 1986 867 2048 satis
892 1985 963 2048 fieri
988 1986 1078 2048 nullo
1103 1987 1201 2050 modo

155 2102 281 2176 potest.
330 2092 463 2156 Deinde
480 2094 682 2158 sententiam
705 2113 814 2156 meam
835 2102 872 2156 tu
897 2093 1053 2157 facillime
1079 2096 1236 2177 perspi-3

156 2221 234 2272 cere
258 2201 398 2285 potuisti
423 2200 487 2265 iam
512 2202 553 2265 ab
578 2202 635 2266 illo
659 2211 818 2284 tempore,
846 2222 921 2265 cum
951 2202 984 2265 in
1015 2202 1200 2267 Cumanum

156 2309 240 2373 mihi
263 2310 395 2374 obviam
420 2310 553 2374 venisti.
608 2310 685 2373 Non
711 2311 800 2372 enim
825 2320 860 2372 te
885 2310 988 2374 celavi
1013 2331 1200 2375 sermonem

156 2419 197 2482 T.
212 2417 331 2500 Ampi;
347 2417 459 2492 vidisti
472 2439 570 2501 quam
587 2419 799 2482 abhorrerem
817 2419 859 2486 ab
876 2419 957 2482 urbe
974 2417 1199 2501 relinquenda,

155 2593 321 2656 quondam:
339 2592 444 2642 Caelius
459 2591 512 2641 had
528 2591 652 2657 formerly
699 2589 719 2641 Ι8
723 2605 779 2657 5.-
786 2592 823 2641 ad
833 2592 935 2642 otium:
946 2592 1093 2656 depending
1102 2594 1202 2659 loosely

155 2659 285 2722 belonged
305 2668 332 2708 to
351 2659 395 2708 the
412 2660 550 2709 senatorial
569 2668 651 2725 party.
705 2674 775 2722 upon
793 2659 941 2723 navigare,
956 2674 985 2708 as
1002 2659 1067 2708 does
1086 2661 1122 2708 ad
1140 2661 1201 2710 bel-

153 2727 351 2776 -hominum
381 2726 587 2776 insolentium:
618 2726 650 2776 cf.
703 2725 1201 2790 lumbelow.-qui(convenitlrthe

156 2794 327 2848 insolentiam,
353 2793 400 2856 Ep.
425 2795 454 2841 L.
481 2801 652 2857 5.-nostra
703 2792 805 2841 archaic
824 2791 956 2854 ablative;
980 2793 1012 2841 ci.
1032 2793 1095 2842 Intr.
1119 2793 1200 2841 81.-

155 2859 274 2909 laurus:
300 2859 332 2908 cf.
345 2860 433 2923 fasces
449 2861 583 2916 laureatos,
604 2861 651 2924 Ep.
703 2867 803 2909 contra
817 2873 901 2909 eum:
919 2861 957 2907 tle.
972 2861 1113 2910 Caesarem.
1123 2864 1200 2911 -ab

157 2927 240 2975 XLV.
251 2926 475 2990 5n.—voculas:
488 2926 533 2975 the
546 2926 652 2975 diminu·
703 2941 747 2986 eo,
768 2943 801 2974 on
820 2927 861 2974 ais
880 2927 954 2985 side,·
977 2944 1009 2975 sc.
1028 2925 1073 2976 the
1096 2926 1151 2976 side
1172 2928 1200 2976 of

155 2993 209 3042 rive
217 3001 500 3057 expressescontempt.
514 2993 571 3042 The
580 3009 652 3043 same
704 2994 827 3058 Pompey.

155 3059 234 3118 word,
247 3075 276 3109 as
289 3058 353 3109 used
365 3060 391 3107 in
411 3060 458 3123 Ep.
473 3060 521 3108 IX.
537 3074 546 3108 1
564 3061 652 3125 (racre-
737 3075 759 3125 3.
786 3060 902 3110 obviam
925 3058 1050 3109 venisti:
1074 3077 1106 3109 sc.
1124 3060 1198 3110 when

154 3129 237 3176 undae
248 3128 351 3175 voculae
362 3125 458 3190 causa),
474 3127 521 3176 has
533 3127 567 3176 its
580 3135 652 3176 natu·
704 3127 797 3176 Cicero
821 3125 942 3176 returned
968 3127 1035 3175 from
1061 3127 1199 3176 Cilicia.-

154 3193 192 3242 ral
216 3192 370 3242 diminutive
393 3193 471 3248 force.
497 3201 555 3259 ‘my
577 3193 651 3242 weak
704 3193 738 3242 Τ.
749 3193 837 3258 Ampi
849 3194 963 3257 (Balbr'):
978 3208 1029 3242 one
1041 3193 1070 3241 oi
1082 3194 1198 3243 Cicero's

154 3259 290 3309 voice.’-
305 3260 474 3323 praediola:
512 3259 576 3309 used
609 3260 652 3309 for
702 3259 884 3323 predecessors
900 3275 929 3310 as
946 3275 1076 3324 governor
1093 3260 1122 3308 oi
1140 3261 1198 3310 Cili·

154 3325 297 3392 modesty's
314 3326 385 3384 sake,
400 3327 475 3375 while
494 3328 592 3389 specula
613 3325 650 3393 (5)
702 3327 743 3375 cia
761 3327 804 3392 (cf.
818 3329 890 3375 Fam.
911 3341 931 3375 1.
951 3341 973 3391 3.
990 3327 1024 3389 2),
1036 3326 1088 3375 and
1106 3326 1199 3391 during

153 3393 256 3457 implies
279 3401 323 3441 not
348 3393 404 3442 that
428 3393 472 3442 the
497 3393 565 3457 hope
589 3393 611 3442 is
636 3409 652 3442 a
702 3393 747 3442 the
765 3392 833 3443 Civil
853 3395 917 3443 War
934 3409 967 3442 an
986 3401 1100 3443 extreme
1125 3395 1196 3442 Pom·

153 3459 219 3508 faint
244 3475 301 3516 one,
320 3459 367 3508 but
388 3459 444 3508 that
466 3460 510 3509 the
530 3461 651 3524 personal
702 3461 777 3523 peiau
791 3461 834 3524 (ci.
848 3461 915 3509 Vell.
930 3462 1028 3509 Patere.
1043 3474 1064 3508 2.
1078 3475 1126 3521 403
1143 3460 1197 3509 Cic.

152 3527 213 3590 gain
225 3534 253 3575 to
267 3525 405 3576 Dolabella
414 3527 435 3576 is
445 3543 460 3576 a
469 3527 544 3575 small
554 3526 648 3575 advan-
702 3529 775 3575 Fam.
789 3527 811 3576 6.
827 3541 864 3574 12.
884 3528 917 3591 3).
926 3555 959 3563 -
969 3529 1005 3576 ab
1023 3529 1093 3576 urbe
1111 3527 1198 3576 relin-

153 3602 214 3657 tage
232 3593 257 3641 in
276 3594 441 3656 comparison
454 3594 515 3642 with
534 3593 578 3641 the
596 3594 650 3642 loss
702 3594 835 3657 quenda:
864 3593 906 3642 ior
936 3593 1050 3642 Cicero's
1075 3593 1131 3642 first
1153 3594 1196 3642 im-

152 3659 236 3708 which
250 3659 294 3708 the
306 3667 374 3708 state
386 3659 651 3709 suffers—mariti·
701 3661 832 3723 pressions
856 3660 885 3708 of
908 3660 952 3710 the
970 3659 1078 3709 wisdom
1102 3660 1130 3708 ol
1152 3657 1198 3710 the

153 3726 226 3776 mis:
246 3743 278 3774 sc.
294 3727 444 3788 praediolis.
480 3726 573 3775 Cicero
597 3741 649 3775 was
702 3726 858 3790 Pompeians
876 3726 902 3774 in
920 3726 1087 3790 abandoning
1106 3728 1197 3786 Rome,

151 3801 180 3843 at
198 3793 306 3843 Cumae.
316 3821 349 3828 -
359 3793 514 3842 facillime:
532 3793 565 3842 cf.
584 3793 648 3841 Intr.
700 3792 733 3841 cf.
747 3795 801 3841 Ate.
814 3807 837 3855 7.
852 3806 889 3842 10.
919 3793 969 3842 See
981 3793 1037 3842 also
1050 3793 1100 3858 Ep.
1113 3793 1197 3842 XLV.
