2834 4326
158 314 210 362 Ata
225 326 245 361 1.
261 307 312 378 16.]
490 309 658 360 CICERO’S
685 311 859 362 LETTERS.
1173 310 1203 363 17
1237 375 1240 380 ¹

158 479 322 544 iudicibus
340 479 492 561 effugere
509 498 621 559 posse,
641 477 790 542 contraxi
806 478 881 542 vela
904 478 1110 561 perspiciens
1135 478 1203 542 ino·
1237 554 1241 573 (

157 588 245 670 piam
263 587 409 651 iudicum
428 606 536 670 neque
553 586 621 649 dixi
637 587 815 669 quicquam
833 607 893 669 pro
911 587 1117 673 testimoni0,
1136 587 1203 650 nisi

156 697 246 780 quod
272 705 342 759 erat
371 695 418 759 ita
444 704 561 758 notum
586 695 688 777 'atque
715 703 875 759 testatum
905 705 942 758 ut
971 716 1038 759 non
1066 715 1201 778 possem

156 805 347 888 praeterire.
372 815 377 867 l
399 804 526 886 Itaque,
545 803 573 866 si
598 823 733 867 causam
758 804 890 886 quaeris
914 803 1144 888 absolutionis,
1163 814 1201 868 ut

156 913 221 977 iam
239 908 320 997 πρὸς
337 908 374 975 τὸ
391 908 550 996 πρότερον
572 922 728 988 revertar,
748 921 883 995 egestas
907 912 1053 976 iudicum
1077 912 1141 975 fuit
1166 921 1200 976 et

155 1022 343 1104 turpitudo;
370 1021 403 1084 id
419 1029 531 1085 autern
549 1030 585 1085 ut
602 1021 778 1098 accideret,
797 1021 1012 1086 commissum
1037 1031 1089 1086 est
1116 1022 1202 1085 Hor·

154 1130 245 1194 tensi
273 1129 423 1205 consilio,
448 1129 513 1212 qui,
537 1131 616 1193 dum
640 1130 767 1194 veritus
793 1140 845 1194 est
870 1151 913 1194 ne
938 1130 1055 1194 Fufius
1080 1130 1110 1194 ei
1133 1130 1201 1213 legi

154 1238 387 1314 intercederet,
412 1258 497 1321 quae
522 1258 563 1301 ex
587 1247 723 1302 senatus
748 1239 903 1303 consulto
926 1239 1106 1315 ferebatur,
1132 1260 1200 1304 non

153 1347 237 1410 vidit
251 1347 342 1424 illud,
355 1347 459 1410 satius
477 1367 552 1410 esse
569 1346 662 1410 illum
679 1347 714 1411 in
731 1347 869 1411 infamia
885 1347 1027 1431 relinqui
1043 1368 1082 1412 ac
1099 1349 1200 1412 sordi·
1232 1349 1235 1357 '

153 1456 217 1519 bus
246 1475 345 1538 quarn
374 1455 506 1519 infirmo
534 1455 657 1520 iudicio
686 1455 860 1532 committi,
887 1457 945 1520 sed
974 1457 1095 1521 ductus
1123 1457 1199 1520 odio

152 1564 343 1647 properavit
360 1583 429 1627 rem
447 1564 613 1628 deducere
629 1563 664 1626 in
689 1564 858 1641 iudicium,
878 1547 953 1628 cum
978 1563 1071 1628 illum
1095 1564 1200 1647 plum-

152 1673 216 1736 beo
233 1672 344 1756 gladio
361 1671 547 1755 iugulatum
570 1672 610 1736 iri
631 1682 745 1736 tamen
762 1673 898 1738 diceret.
920 1667 1016 1737 ''³Sed
1041 1673 1198 1737 iudicium
1217 1695 1230 1748 3

153 1781 182 1845 si
206 1781 337 1864 quaeris
361 1781 460 1865 quale
483 1781 596 1858 luerit,
623 1781 809 1846 incredibili
834 1782 935 1858 exitu,
963 1782 1010 1847 sic
1035 1782 1085 1846 uti
1108 1803 1198 1847 nunc
1300 1779 1303 1786 ’

153 1911 194 1954 ex
210 1899 334 1955 eventu
351 1890 393 1953 ab
410 1890 493 1967 aliis,
511 1911 532 1954 a
547 1911 601 1954 me
618 1899 733 1954 tamen
751 1911 792 1954 ex
808 1891 881 1974 ipso
900 1891 996 1955 initio
1021 1890 1198 1956 consilium

154 2000 318 2064 Hortensi
343 1999 615 2082 reprehendatur.
675 2001 772 2076 Nam,
799 2008 836 2064 ut
862 2000 999 2064 reiectio
1030 1999 1120 2064 facta
1145 2009 1197 2064 est

152 2151 322 2200 —contraxi
337 2151 412 2200 vela:
433 2151 526 2202 Cicero
543 2151 565 2201 is
582 2150 649 2200 lond
700 2150 804 2216 -rpde
815 2150 847 2202 τὸ
860 2155 1001 2215 wpdrtpov:
1020 2160 1048 2201 to
1064 2159 1152 2201 retum
1169 2160 1198 2201 to

153 2218 183 2268 of
205 2217 300 2281 figures
321 2217 407 2266 drawn
430 2218 499 2266 from
521 2219 594 2282 ships
618 2234 649 2267 or
702 2219 745 2268 the
755 2219 811 2283 first
821 2219 949 2283 question,
959 2222 997 2266 iu.
1007 2220 1072 2283 quid
1080 2220 1200 2268 acciderit

152 2285 308 2349 shipwreclr;
327 2284 368 2342 ci,
380 2284 423 2344 tor
436 2285 561 2343 instance,
573 2287 648 2334 Fam.
699 2287 730 2334 de
739 2285 1014 2344 iudicio—infamia,
1022 2287 1141 2349 dispare,
1150 2293 1197 2334 not

155 2365 192 2400 12.
206 2363 244 2416 25.
260 2363 362 2416 squam
374 2353 407 2402 ob
420 2367 482 2408 rem,
495 2354 534 2400 mi
546 2352 647 2412 Quinte,
701 2352 860 2417 technically‚
875 2352 942 2402 ‘loss
951 2351 981 2401 ot
989 2352 1198 2416 citizenship.'—

152 2420 285 2468 conscende
302 2419 436 2476 nobiscum,
454 2420 597 2482 etquidem
614 2420 652 2468 ad
701 2419 847 2469 sordibus:
866 2419 909 2468 the
925 2419 1065 2482 mouming
1076 2434 1145 2467 worn
1163 2418 1197 2484 by
1233 2439 1235 2442 ·

147 2487 272 2551 puppim
293 2501 347 2540 una
365 2487 441 2534 navis
457 2492 493 2534 est
509 2488 561 2534 rum
580 2487 649 2535 bono-
699 2500 809 2549 persons
827 2485 938 2535 accused
958 2484 1196 2551 (Watson).-iu·

152 2568 211 2601 rum
233 2553 357 2611 omnium,
375 2568 453 2616 quam
477 2554 578 2616 quidem
604 2569 649 2602 nos
700 2554 832 2616 gulaturn
857 2553 907 2601 iri:
929 2552 1044 2618 scarcely
1060 2569 1077 2601 a
1093 2553 1197 2619 literary

151 2619 243 2668 damus
251 2627 352 2682 operam
366 2626 497 2668 utrectam
507 2626 647 2678 teneamus;
700 2619 778 2676 word,
798 2618 845 2668 but
868 2619 1004 2668 horrowed
1026 2619 1095 2668 from
1119 2620 1197 2669 collo

153 2688 253 2735 utinam
269 2693 392 2749 prospero
406 2686 504 2736 cursu!
526 2689 575 2744 sed,
594 2689 648 2751 qui·
699 2687 770 2751 quial
780 2687 865 2736 Latin.
890 2687 972 2745 Thus,
981 2686 1014 2736 cf.
1026 2687 1108 2735 Plaut.
1116 2688 1196 2735 Stich.

152 2769 260 2817 cumque
283 2755 353 2802 venti
380 2761 464 2811 erunt,
487 2771 533 2803 ars
561 2761 648 2803 nostra
703 2753 745 2818 581
767 2755 803 2802 ita
821 2755 860 2802 mi
874 2760 987 2803 auctores
996 2754 1081 2819 ficere,
1100 2759 1131 2802 ut
1146 2769 1197 2817 ego-

152 2827 216 2869 ccrte
228 2835 279 2868 non
291 2821 377 2869 aberit.
413 2820 454 2869 Cf.
468 2821 524 2870 also
542 2822 586 2870 the
601 2820 648 2871 rei·
700 2829 751 2871 met
761 2837 802 2869 me
813 2821 887 2870 hodie
900 2821 1045 2883 iugularem
1057 2821 1145 2884 sama·
1163 2820 1195 2868 cf.

154 2903 246 2937 erence
255 2895 283 2936 to
293 2888 337 2936 the
346 2889 520 2951 shipwrecked
528 2887 648 2938 iortunes
699 2888 756 2936 also
770 2889 836 2936 Hor.
849 2889 903 2936 Sat.
915 2901 935 2935 ι.
947 2900 969 2948 7.
980 2901 1019 2952 35.
1028 2887 1178 2936 —diceret
1189 2905 1196 2934 ε

154 2954 184 3002 ot
209 2954 342 3004 Catiline's
365 2956 505 3013 followers,
528 2954 580 3004 and
603 2955 648 3004 the
699 2955 732 3003 cf.
745 2956 842 3013 diceret,
853 2956 901 3018 Ep.
916 2956 935 3002 1.
949 2968 964 3018 3
976 2969 1001 3002 n.

153 3023 319 3086 comparison
332 3022 361 3071 of
374 3022 420 3072 the
432 3023 607 3086 conspirators
620 3030 648 3072 to
733 3036 755 3086 3.
775 3021 935 3072 incredibili
955 3021 1044 3070 exitu:
1065 3037 1098 3069 sc.
1117 3021 1195 3085 fruit,-

152 3090 303 3152 br'lgewater
326 3089 353 3138 in
380 3089 424 3139 the
451 3091 510 3152 skip
536 3091 568 3154 of
585 3095 649 3139 state
699 3088 733 3137 ci.
755 3089 818 3137 Intr.
841 3088 974 3155 95.-eic
998 3088 1046 3137 has
1069 3087 1130 3136 here
1151 3088 1195 3137 the

153 3156 192 3221 (in
219 3157 272 3206 Cat.
296 3171 317 3205 2.
337 3156 560 3220 7).—inopiamt
582 3155 649 3206 their
698 3155 770 3204 force
800 3155 829 3204 ot
856 3171 872 3204 a
900 3154 1032 3219 predicate
1065 3153 1195 3219 adjective

150 3233 260 3289 poverty
276 3222 328 3272 and
345 3222 472 3287 probable
488 3223 649 3289 venality.-
699 3223 767 3300 after
788 3223 848 3287 fuit
872 3230 901 3270 to
924 3220 957 3270 be
980 3220 1117 3310 supplied,
1134 3221 1195 3271 ‘the

151 3291 570 3406 ttt¹¹ttt¹rrntttt¹¹u
587 3290 649 3405 lli
699 3289 959 3415 humili?
977 3295 1130 3418 nullst,
1152 3287 1194 3419 l}

150 3422 184 3488 by
202 3424 313 3487 proving
335 3424 393 3473 that
411 3439 445 3472 on
463 3423 508 3473 the
528 3423 602 3487 night
620 3424 646 3472 in
700 3423 765 3471 Hor.
780 3423 835 3472 Sat.
848 3436 870 3470 a.
887 3436 909 3470 2.
927 3435 981 3479 120,
996 3421 1132 3470 Petronius
1148 3421 1194 3482 463

150 3491 272 3554 question
295 3490 329 3538 he
351 3505 404 3540 was
433 3498 460 3540 at
489 3491 646 3547 interamna,
697 3488 749 3538 and
767 3504 811 3538 see
831 3488 894 3538 Intr.
912 3487 1131 3553 85.-reiectio:
1150 3487 1195 3537 the

149 3571 182 3620 90
194 3557 269 3606 miles
280 3557 350 3606 from
364 3558 457 3616 Rome,
469 3557 544 3606 while
553 3557 647 3607 Cicero
697 3555 864 3619 prosecution
877 3554 928 3603 and
946 3555 992 3604 the
1009 3553 1117 3604 defense
1134 3553 1194 3612 had,

150 3623 263 3674 testified
280 3624 338 3673 that
354 3623 465 3674 Clodius
482 3623 535 3673 had
553 3622 647 3673 visited
698 3638 726 3672 as
739 3622 800 3671 with
818 3637 856 3679 us,
874 3621 919 3670 the
936 3621 1061 3684 privilege
1078 3621 1108 3670 oi
1125 3627 1196 3685 ‘per-

149 3690 191 3739 his
214 3689 297 3742 house
320 3691 378 3740 that
398 3706 460 3757 very
478 3689 536 3756 day,
557 3690 646 3739 within
697 3689 836 3754 emptorily
858 3688 1038 3752 challenging'
1059 3703 1075 3736 a
1098 3689 1194 3737 certain

149 3757 222 3806 three
240 3758 321 3807 hours
340 3757 369 3806 oi
387 3757 431 3807 the
450 3757 512 3806 time
529 3758 556 3806 in
573 3772 647 3823 ques
697 3755 807 3804 number
830 3754 859 3803 oi
882 3755 983 3813 iudices,
1001 3755 1090 3804 whose
1106 3755 1194 3818 places

149 3823 206 3874 tion
220 3823 262 3889 (cf.
276 3826 330 3873 Aet.
344 3839 366 3874 2.
381 3839 402 3873 1.
417 3822 645 3891 53Plut.Cr'c.29).
697 3837 763 3871 were
776 3821 838 3872 then
850 3820 921 3872 filled
937 3821 971 3888 by
982 3836 1038 3872 new
1050 3837 1117 3872 men.
1153 3822 1193 3871 Cf.
