2814 4328
130 279 207 327 Fam.
220 293 244 339 4.
257 278 293 343 6.]
473 278 641 330 CICERO’S
666 237 841 332 LETTERS.
1135 285 1185 336 229

133 456 264 510 namet
286 467 326 510 ea
346 447 509 530 scripsisti
525 468 612 532 quae
635 448 746 512 levare
770 449 900 513 luctum
924 460 1072 535 possent,
1093 459 1126 537 et
1151 452 1184 515 in

133 576 189 620 me
206 555 413 620 consolando
435 576 503 620 non
527 556 729 622 mediocrem
753 556 824 641 ipse
848 557 951 622 animi
967 558 1115 624 dolorem
1130 562 1185 624 ad-

133 663 284 728 hibuisti.
335 663 472 729 Servius
490 673 603 729 tamen
621 674 700 729 tuus
717 665 874 730 omnibus
890 665 1018 744 officiis,
1036 689 1121 752 quae
1138 668 1186 732 illi

133 771 281 855 tempori
297 772 400 837 tribui
420 781 612 856 potuerunt,
631 773 812 838 declaravit
836 783 871 838 et
895 777 1012 858 quanti
1035 776 1107 861 ipse
1131 797 1185 841 me

132 881 263 946 iaceret
295 889 330 945 et
358 901 458 964 quam
488 901 585 945 suum
617 881 719 946 talem
752 901 833 965 erga
862 903 916 947 mc
947 884 1094 949 animum
1122 885 1185 950 tibi

89 1041 92 1046 .
132 998 270 1073 gratum
287 999 420 1072 putaret
437 989 520 1054 iore.
571 989 676 1054 Cuius
700 989 810 1055 officia
833 991 1031 1057 iucundiora
1055 993 1184 1059 scilicet

133 1119 237 1181 saepe
265 1099 346 1162 mihi
374 1099 522 1174 fuerunt,
552 1118 733 1182 numquam
765 1107 879 1164 tamen
912 1101 1064 1184 gratiora.
1127 1103 1184 1178 Me

131 1217 251 1274 autem
268 1228 335 1271 non
353 1207 460 1272 oratio
477 1216 535 1272 tua
551 1207 660 1272 solum
684 1217 719 1272 et
744 1208 887 1273 societas
911 1229 1018 1292 paene
1041 1209 1185 1294 aegritu·

134 1316 235 1392 dinis,
253 1317 314 1381 sed
331 1317 434 1380 etiam
450 1315 633 1381 auctoritas
650 1315 843 1381 consolatur
853 1338 861 1394 ;
885 1326 984 1400 turpe
1002 1319 1091 1382 enim
1108 1340 1184 1385 esse

135 1425 294 1490 existimo
321 1445 375 1489 me
401 1445 468 1488 non
495 1425 542 1490 ita
570 1425 660 1489 ferre
692 1444 805 1490 casum
839 1445 950 1490 meum
983 1436 1020 1490 ut
1052 1437 1100 1504 tu,
1126 1429 1185 1493 tali

134 1533 303 1618 sapientia
333 1534 515 1617 praeditus,
545 1533 721 1598 ferendum
750 1543 860 1617 putas.
920 1535 988 1600 Sed
1015 1537 1186 1619 opprimor

135 1641 307 1707 interdum
324 1651 358 1706 et
373 1642 429 1706 vix
445 1643 566 1707 resisto
582 1642 698 1719 dolori,
716 1643 805 1727 quod
830 1663 869 1707 ea
892 1663 947 1707 me
969 1643 1092 1709 solacia
1107 1646 1185 1709 defi-

136 1747 232 1816 ciunt
264 1771 351 1836 quae
382 1751 514 1827 ceteris,
548 1771 689 1835 quorum
721 1751 804 1814 mihi
837 1752 989 1834 exempla
1023 1773 1182 1836 propono,

136 1859 239 1924 simili
255 1859 290 1924 in
306 1860 443 1925 fortuna
459 1880 526 1924 non
544 1859 735 1925 defuerunt.
785 1860 873 1923 Nam
891 1870 925 1924 et
943 1861 986 1944 Q.
1005 1861 1183 1938 Maximus,

136 1969 195 2052 qui
219 1968 323 2032 filium
349 1968 569 2045 consularem,
588 1968 714 2033 clarum
738 1969 846 2033 virum
871 1972 905 2032 et
929 1971 1060 2052 magnis
1085 1972 1185 2035 rebus

136 2077 255 2160 gestis,
274 2077 396 2154 amisit,
415 2087 449 2142 et
468 2077 506 2142 L.
527 2077 669 2153 Paullus,
688 2078 745 2160 qui
761 2079 826 2141 duo
851 2087 982 2160 septem
1005 2078 1131 2155 diebus,
1151 2088 1185 2143 et

136 2196 252 2250 vester
275 2185 390 2262 Galus,-
408 2195 441 2249 et
467 2186 514 2250 M.
540 2185 634 2260 Cat0,
652 2186 712 2268 qui
735 2206 866 2250 summo
891 2186 1037 2269 ingenio,
1055 2208 1186 2252 summa

136 2294 263 2359 virtute
279 2295 384 2358 filium
401 2294 555 2378 perdidit,
574 2293 615 2358 iis
638 2294 845 2384 temporibus
860 2294 998 2358 fuerunt
1015 2305 1053 2359 ut
1070 2316 1184 2360 eorum

136 2404 266 2467 luctum
293 2403 441 2486 ipsorum
466 2403 612 2486 dignita-s
641 2403 873 2496 consolaretur
898 2423 937 2468 ea
960 2424 1060 2486 quam
1085 2424 1185 2469 exre
1239 2487 1242 2494 ⁴

136 2510 272 2595 publica
303 2511 605 2594 consequebantur.
670 2511 755 2574 Mihi
785 2521 899 2574 autem
930 2513 1060 2576 amissis
1092 2533 1218 2578 orna-2

137 2621 262 2684 mentis
279 2619 320 2685 iis
336 2639 422 2704 quae
442 2621 513 2704 ipse
538 2639 779 2685 commemoras
795 2640 947 2704 quaeque
971 2640 1062 2684 eram
1087 2622 1185 2686 maxi·

136 2762 249 2813 theson
268 2762 297 2812 oi
315 2761 634 2827 Sulpicius—iucundi·
689 2761 771 2810 Galus
782 2760 932 2825 conquered
946 2761 991 2811 the
1010 2762 1145 2825 Ligurians
1156 2763 1183 2812 in

136 2843 197 2890 ora,
216 2846 286 2880 more
298 2831 450 2892 productura
466 2829 633 2893 aspleasure.
690 2827 797 2878 1668.c.
833 2829 876 2878 He
889 2828 1018 2893 belonged
1030 2838 1059 2879 to
1072 2829 1116 2880 the
1130 2831 1184 2879 Sul-

136 2925 172 2934 —
181 2897 316 2962 gratiora,
329 2912 399 2945 more
415 2897 515 2959 worthy
526 2896 558 2960 os
564 2903 635 2958 grat·
687 2895 771 2958 pician
788 2911 860 2958 gens,
878 2895 961 2945 hence
983 2904 1089 2945 vester.
1098 2924 1133 2933 -
1142 2899 1183 2947 M.

136 2965 207 3013 ilude
213 2979 226 3022 ;
244 2963 276 3013 cf.
289 2966 342 3012 Att.
355 2977 379 3028 3.
392 2977 431 3023 24·
445 2963 520 3012 aista
531 2964 634 3019 veritas,
689 2963 780 3012 Cato:
799 2963 836 3012 M.
850 2963 958 3012 Porcius
975 2963 1052 3022 Cato,
1067 2963 1113 3012 the
1128 2979 1184 3013 cen-

136 3031 634 3087 ctiamsiiucundanonest,militarum
687 3044 739 3078 sor.
774 3029 816 3079 On
829 3028 904 3080 these
915 3029 1097 3088 instances,cf.
1112 3032 1193 3084 Tusc..

133 3096 451 3161 grauem—societas:
463 3095 497 3145 cf.
507 3095 634 3145 Servius’s
687 3097 762 3159 Disp.
776 3110 798 3161 3.
815 3109 848 3157 70
864 3097 936 3161 quid,
955 3099 1002 3161 qui
1022 3113 1073 3145 non
1086 3105 1184 3160 putant

136 3165 289 3229 expression
307 3163 337 3213 of
353 3164 474 3227 personal
492 3178 591 3212 sorrow
608 3163 634 3211 in
687 3163 825 3225 lugendum
849 3164 937 3213 virt's?
970 3166 1055 3227 qualis
1069 3165 1130 3228 fuit
1152 3165 1192 3225 Q.'

138 3232 187 3296 Ep.
207 3231 317 3281 LXXV.
338 3230 482 3279 1.-mihi
500 3228 635 3292 exempla
687 3230 825 3279 Maximus
841 3231 948 3294 efflrens
959 3231 1051 3294 filium
1071 3233 1185 3280 consula·

137 3312 284 3363 propono:
297 3296 331 3347 cf.
333 3298 389 3362 sac,
399 3305 456 3354 etc,
467 3297 515 3359 Ep.
523 3296 634 3344 LXXV.
687 3313 749 3354 rem,
776 3298 862 3361 qualis
889 3298 920 3346 L.
950 3298 1061 3346 Paullus
1089 3298 1185 3346 duobus

137 3380 153 3426 4
171 3366 282 3429 n.—Q.
302 3365 466 3414 Maximus:
486 3363 518 3424 Q.
539 3362 635 3412 Fabius
682 3364 773 3425 paucis
792 3365 876 3412 dubus
892 3367 995 3413 amissis
1003 3364 1081 3427 filiis,
1099 3367 1185 3428 qualis

138 3432 279 3490 Maximus,
292 3431 350 3480 who
363 3447 421 3480 won
438 3427 637 3494 theepithetof
688 3431 726 3478 M.
742 3431 802 3479 Calo
814 3437 934 3493 praetore
945 3432 1074 3494 deslgumlo
1085 3438 1185 3479 mortuo
1279 3484 1282 3491 ,

137 3498 283 3548 Cunctator
293 3498 320 3546 in
337 3498 381 3547 the
393 3513 445 3546 war
457 3497 517 3546 with
538 3497 636 3546 Hanni·
678 3496 747 3559 filio,
763 3499 852 3561 quales
868 3499 971 3562 reliqui,
983 3513 1045 3562 quos
1061 3499 1089 3544 in
1110 3498 1184 3546 Con-

136 3564 187 3614 bal.
196 3565 352 3630 -magnis
361 3568 452 3615 rebus
465 3564 569 3628 gestis:
581 3578 637 3628 par·
686 3564 860 3612 solatione
870 3566 1022 3627 collegimus.
1059 3563 1133 3623 Quid
1140 3565 1185 3613 hos

137 3632 197 3680 allel
226 3631 287 3681 with
316 3631 521 3684 clarum-L.
549 3630 637 3680 Paul·
686 3631 763 3678 aliud
770 3631 887 3693 placavit
903 3631 956 3678 nisi
969 3631 1039 3694 quod
1053 3631 1149 3679 luctum
1162 3639 1187 3679 el

136 3699 203 3750 lus:
233 3700 262 3748 1.
287 3699 415 3748 Aemilius
447 3698 561 3754 Paullus,
591 3696 636 3746 the
686 3711 826 3745 maerorem
839 3712 952 3745 essenon
960 3697 1174 3758 putabantvirl?

138 3781 283 3830 conqueror
297 3766 326 3815 of
345 3767 455 3814 Perseus
471 3765 498 3813 in
519 3763 565 3812 168
584 3774 634 3811 ac.
721 3776 743 3810 2.
773 3776 848 3826 quae
872 3763 935 3826 ipse
959 3775 1184 3812 commemoras:

136 3840 280 3882 -veater
309 3831 418 3883 Galuer
447 3829 478 3880 C.
504 3829 636 3893 Sulpicius
687 3827 720 3877 cf.
739 3830 787 3891 Ep.
807 3829 916 3877 LXXV.
932 3841 1095 3892 5.—unum
1113 3829 1182 3879 illud
