2814 4328
135 301 211 349 Fam.
225 297 248 349 6.
264 297 316 366 14.]
483 297 650 350 CICERO'S
674 299 848 350 LETTERS.
1139 298 1189 355 20⁷

135 487 273 549 semper
290 466 432 530 maxime
449 465 559 541 dilexi,
575 475 646 530 tum
662 466 805 531 fratrum
822 477 966 544 tuorum,
981 489 1065 553 quos
1081 491 1188 555 aeque

135 585 241 660 atque
258 585 293 638 te
310 595 440 638 summa
463 574 697 639 benevolentia
722 596 796 656 sum
822 576 1025 658 complexus,
1044 578 1187 661 singula-

135 684 183 747 ris
205 683 315 766 pietas
340 703 499 766 amorque
523 682 693 746 fraternus
719 683 847 747 nullum
872 704 925 748 me
949 685 1076 767 patitur
1099 688 1187 753 offici

135 812 219 874 erga
245 800 280 854 te
308 791 473 873 studique·
494 781 616 854 munus
649 801 707 855 aut
740 802 874 874 tempus
908 795 1183 875 praetermittere.

136 900 208 964 Sed
226 920 311 982 quae
327 899 448 963 faciam
466 899 671 982 fecerimque
689 910 808 982 prote,
828 921 869 964 ex
887 900 1018 965 illorum
1040 913 1075 967 te
1099 904 1186 969 litte-

134 1008 182 1072 ris
201 1029 301 1090 quam
319 1027 359 1070 ex
376 1007 460 1071 meis
477 1007 563 1071 malo
582 1028 806 1090 cognoscere;
827 1009 906 1092 quid
923 1020 1036 1074 autem
1054 1033 1184 1095 sperem

135 1126 194 1181 aut
219 1116 383 1179 confidam
409 1124 443 1180 et
468 1116 677 1198 exploratum
701 1117 841 1181 habeam
867 1119 909 1182 de
933 1118 1041 1184 salute
1065 1130 1132 1198 tua,
1152 1122 1185 1186 id

57 1289 61 1294 ,
135 1225 200 1288 tibi
218 1245 237 1287 a
253 1245 306 1288 me
323 1224 483 1289 declarari
500 1225 585 1288 volo.
634 1225 722 1288 Nam
740 1225 770 1289 si
785 1226 961 1309 quisquam
979 1237 1030 1291 est
1048 1229 1184 1294 timidus

136 1333 171 1396 in
197 1332 328 1415 magnis
357 1332 621 1416 periculosisque
651 1335 751 1399 rebus
776 1354 975 1418 semperque
1000 1338 1106 1419 magis
1131 1340 1184 1402 ad-

136 1462 253 1505 versos
276 1462 385 1506 rerum
410 1442 519 1504 exitus
544 1452 701 1506 metuens
718 1463 817 1527 quam
843 1463 981 1525 sperans
1007 1448 1181 1525 secundos,

136 1550 166 1614 is
184 1571 248 1632 ego
266 1571 339 1614 sum
361 1559 406 1625 et,
422 1550 450 1614 si
474 1551 538 1614 hoc
554 1551 716 1627 vitiumst,
736 1571 776 1615 eo
801 1572 854 1615 me
879 1572 946 1616 non
971 1574 1084 1618 carere
1109 1576 1185 1620 con·

137 1659 244 1722 fiteor.
303 1659 376 1741 Ego
402 1659 490 1722 idem
515 1668 638 1735 tamen,
662 1681 737 1724 cum
762 1681 790 1724 a.
809 1661 840 1725 d.
858 1679 881 1724 v
898 1661 941 1726 K.
968 1661 1217 1732 intercalarese

135 1767 266 1850 priores
302 1776 422 1849 rogatu
457 1767 599 1831 fratrum
633 1777 767 1832 tuorum
799 1769 968 1834 venissem
1008 1791 1107 1835 mane
1142 1773 1183 1837 ad

138 1875 318 1940 Caesarem
340 1885 441 1958 atque
466 1896 600 1940 omnem
625 1865 770 1941 adeundi
794 1887 827 1942 et
852 1878 1074 1944 conveniendi
1095 1880 1184 1946 illius

136 1984 374 2066 indignitatem
391 1993 425 2048 et
446 1984 634 2048 molestiam
660 1985 883 2068 pertulissem,
902 2007 978 2051 cum
1003 1987 1124 2053 iratres
1149 2000 1182 2053 et

135 2092 316 2176 propinqui
332 2089 383 2157 tui
400 2071 547 2157 iacerent
564 2094 605 2156 ad
630 2095 733 2176 pedes
758 2104 792 2158 et
817 2114 880 2178 ego
905 2115 1014 2158 essem
1039 2096 1180 2175 locutus,

135 2222 222 2286 quae
245 2221 353 2278 causa,
372 2222 458 2284 quae
481 2210 577 2265 tuum
602 2210 736 2285 tempus
762 2203 962 2285 postulabat,
981 2225 1048 2268 non
1074 2189 1181 2271 solum

135 2310 344 2374 exoratione
365 2309 527 2386 Caesaris,
547 2330 632 2395 quae
654 2331 736 2375 sane
760 2311 869 2375 mollis
891 2322 926 2376 et
942 2312 1088 2378 liberalis
1105 2314 1179 2391 luit,

171 2493 193 2528 1.
223 2478 401 2542 exploratum
425 2481 569 2529 habeam:
601 2478 634 2528 cf.
675 2448 676 2451 Ἴ
680 2479 818 2542 priarand
830 2483 924 2530 mensis
934 2483 1097 2531 intercalaris
1102 2491 1182 2546 paste-

134 2547 383 2672 ffg‘ffihabm'
397 2547 445 2609 Ep.
459 2547 503 2594 LI.
519 2560 529 2594 1
544 2562 569 2595 n.
582 2545 634 2594 and
686 2549 748 2596 rior.
778 2547 820 2596 cf.
829 2548 1047 2612 Zeitrechnungd.
1059 2551 1182 2600 Griecisen

171 2693 193 2728 2.
212 2694 238 2729 a.
256 2680 284 2728 d.
302 2694 329 2728 v.
353 2680 398 2739 K„
418 2688 482 2729 etc:
505 2682 544 2730 ie.
563 2681 632 2728 Nov.

136 2746 169 2796 26
193 2746 275 2794 under
303 2747 348 2795 the
378 2745 423 2795 old
452 2745 579 2802 calendar,
603 2762 634 2796 or

685 2629 710 2661 u.
720 2616 815 2662 Ramer
823 2613 857 2679 by
867 2630 918 2664 von
929 2615 1019 2676 Unger
1028 2616 1054 2664 in
1066 2616 1181 2666 Miiller's

685 2681 840 2738 Handbucb
864 2681 884 2729 Ι.
905 2681 955 2730 816
971 2681 1125 2732 f.-mane
1144 2684 1181 2734 ad

685 2748 859 2796 Caesarem:
877 2747 910 2797 ci.
928 2750 982 2796 Aa.
1003 2762 1040 2808 14.
1056 2763 1076 2798 r.
1091 2763 1104 2798 2
1122 2768 1179 2799 cum

136 2813 209 2876 Sept.
234 2827 264 2878 ²3
289 2812 372 2863 under
394 2813 439 2863 the
463 2829 528 2862 new.
575 2813 633 2863 The

136 2880 240 2929 Roman
255 2879 377 2929 calendar
388 2896 440 2930 was
458 2896 489 2930 so
506 2879 547 2929 far
563 2879 632 2929 from

134 2954 234 2995 correct
252 2954 280 2995 at
298 2947 350 2996 this
368 2947 438 3004 time,
454 2947 511 2996 that
533 2949 589 3008 Jan.
611 2960 631 3004 1,

136 3012 168 3073 46
192 3025 250 3071 B.c.‚
274 3028 348 3062 came
370 3012 397 3062 in
421 3014 465 3062 the
488 3013 584 3063 middle
604 3013 633 3062 ol

134 3080 180 3129 the
220 3088 336 3128 autumn.
392 3081 456 3130 This
496 3089 564 3131 state
604 3080 633 3129 of

134 3147 223 3209 things
236 3147 335 3196 Caesar
347 3146 478 3197 remedied
495 3147 529 3213 by
541 3148 585 3197 the
596 3147 632 3195 in·

133 3214 232 3264 sertion
250 3213 280 3262 ol
297 3227 330 3278 90
342 3223 415 3263 extra
432 3213 495 3280 days
513 3215 569 3263 into
587 3215 632 3264 the

133 3280 632 3414 lhhflrthdh,hartrih

134 3414 179 3462 the
196 3415 354 3462 Terminalia
364 3414 438 3478 (Feb.
450 3426 463 3462 2'
467 3421 500 3478 3),
511 3431 543 3464 an
556 3415 632 3464 inter-

134 3481 219 3544 calary
236 3481 328 3529 month
347 3481 377 3529 of
396 3495 428 3545 ²3
445 3480 508 3547 days
526 3497 578 3531 was
596 3482 632 3530 in-

133 3545 631 3605 serted,andbetweenNovemberand

684 2815 752 2862 Sesti
762 2822 852 2878 rogatu
863 2815 935 2877 apud
948 2814 1004 2863 eum
1016 2816 1127 2881 fuissem
1140 2835 1181 2866 ex-

684 2887 868 2945 spectaremque
878 2882 965 2930 sedens
975 2883 1061 2946 quoad
1069 2899 1180 2942 vocarer,

683 2948 779 2996 dixisse
801 2963 876 2997 eum:
898 2950 969 3012 ‘Ego
986 2950 1094 2998 dubitem
1116 2953 1180 3014 quin

683 3031 783 3062 minima
795 3016 824 3062 in
836 3017 892 3064 odia
902 3017 960 3074 sim,
972 3032 1028 3064 cum
1040 3018 1080 3065 M.
1096 3019 1181 3066 Cicera

683 3083 767 3130 sedeat
780 3099 824 3132 nec
836 3098 882 3130 suo
898 3085 1024 3132 cammada
1040 3101 1080 3133 me
1097 3101 1180 3134 conve·

684 3150 741 3196 nire
746 3149 862 3211 possit?'
891 3149 979 3199 These
991 3157 1043 3198 two
1056 3166 1179 3215 passages
1257 3207 1260 3211 ,

683 3214 796 3265 indicate
808 3231 824 3264 a
835 3223 905 3265 most
917 3215 1062 3280 significant
1080 3217 1179 3282 change

683 3281 709 3330 in
720 3282 819 3331 theold
832 3284 935 3332 Roman
948 3285 1074 3332 salutatio.
1093 3285 1179 3336 There

682 3348 705 3397 is
717 3364 775 3397 now
783 3365 833 3399 one
839 3357 969 3413 patronus-
973 3358 1029 3414 par
1035 3353 1177 3410 excellence,

683 3415 730 3464 viz.
750 3417 855 3474 Caesar,
873 3415 925 3466 and
943 3417 977 3466 all
1001 3418 1118 3468 Romans
1136 3435 1178 3468 are

682 3482 723 3532 his
735 3484 842 3541 clientes,
855 3484 921 3541 who,
931 3485 1048 3533 whether
1058 3485 1178 3549 plebeian

683 3565 712 3597 or
724 3550 867 3607 aristocrat,
880 3558 949 3600 must
961 3551 1022 3600 walt
1034 3551 1101 3600 their
1119 3560 1178 3601 turn

134 3613 280 3662 December
292 3622 344 3663 two
356 3615 511 3680 intercalary
523 3616 630 3664 months
675 3615 708 3664 'in
732 3616 772 3664 his
790 3616 975 3666 antechamber
999 3617 1177 3682 (exspectarem

132 3695 199 3729 were
210 3679 325 3729 inserted
342 3681 493 3744 containing
510 3682 632 3744 together
680 3682 786 3744 sedens),
811 3683 862 3731 and
889 3684 951 3732 seek
974 3683 1062 3733 lavors
1087 3692 1113 3733 at
1137 3685 1178 3734 his

132 3746 163 3808 67
177 3745 247 3812 days.
283 3747 370 3796 These
387 3747 492 3796 months
505 3764 571 3797 were
582 3747 631 3797 dis·
681 3747 765 3797 hands
782 3748 816 3814 by
829 3750 873 3798 the
885 3758 956 3799 most
968 3749 1053 3812 abject
1066 3751 1137 3814 signs
1150 3752 1179 3801 of

132 3810 282 3877 tinguished
302 3829 332 3863 as
350 3815 445 3864 mensis
467 3816 629 3864 intercalaris
681 3814 840 3866 submission
856 3816 993 3883 (iacerent
1011 3818 1047 3868 ad
1065 3817 1177 3883 pedes).
