2834 4326
155 335 207 384 Art.
223 347 243 381 1.
258 333 308 398 17.]
494 332 662 383 CICERO’S
687 331 861 383 LETTERS.
1167 327 1202 382 ³⁷

93 543 96 550 -
118 540 121 549 ·
155 500 382 578 concordiam;
402 501 460 564 sed
477 509 600 576 tamen,
620 500 777 583 quoniam
795 501 859 564 ista
876 509 955 563 sunt
971 509 1040 562 tam
1058 498 1197 574 infirma,

154 609 305 673 munitur
314 609 476 692 quaedam
490 608 588 673 nobis
600 609 643 672 ad
656 609 848 673 retinendas
865 628 946 690 opes
963 617 1096 671 nostras
1114 616 1196 680 tuta,

154 727 191 781 ut
210 737 317 800 spero,
335 717 389 780 via
405 738 505 800 quam
522 716 585 780 tibi
601 716 723 782 litteris
741 717 823 781 satis
845 716 1010 799 explicare
1033 735 1102 779 non
1126 735 1199 797 pos-

102 837 105 841 '
154 846 238 902 sum,
258 825 504 908 significatione
526 846 628 908 parva
652 826 826 890 ostendam
851 834 981 890 tamen:
1005 835 1083 889 utor
1105 825 1199 888 Pom-

95 952 99 957 ’
153 935 229 1017 peio
248 933 516 998 familiarissime.
566 934 676 998 Video
700 934 781 1017 quid
805 934 907 999 dicas.
956 933 1091 1000 Cavebo
1113 952 1198 1016 quae

155 1051 234 1106 sunt
252 1043 409 1119 cavenda,
427 1063 466 1108 ac
489 1043 632 1107 scribam
655 1041 737 1106 alias
754 1043 796 1106 ad
820 1051 855 1106 te
874 1043 916 1106 de
940 1043 1025 1107 meis
1049 1041 1198 1107 consiliis

155 1151 381 1234 capessendae
403 1150 451 1214 rei
475 1150 628 1233 publicae
651 1150 755 1233 plura.
807 1151 988 1215 Lucceium
1013 1150 1105 1215 scito·
1123 1171 1199 1215 con·
1218 1171 1244 1208 11

155 1260 301 1323 sulatum
318 1259 441 1323 habere
458 1259 492 1322 in
509 1259 621 1323 animo
638 1259 752 1324 statim
776 1269 891 1342 petere
898 1280 906 1337 ;
930 1259 995 1323 duo
1021 1259 1110 1323 enim
1136 1258 1198 1322 soli

154 1368 312 1431 dicuntur
333 1367 487 1450 petituri:
513 1367 782 1432 Caesar-cum
807 1383 847 1432 eo
870 1367 959 1432 coire
983 1387 1043 1450 per
1059 1367 1197 1430 Arrium

155 1477 379 1559 cogitat-et
405 1476 685 1541 Bibulus-cum
711 1476 774 1540 hoc
796 1497 833 1540 se
857 1485 952 1559 putat
977 1497 1036 1558 per
1052 1475 1090 1541 C.
1110 1475 1198 1540 Piso-

154 1605 233 1649 nem
250 1605 349 1667 posse
366 1584 535 1668 coniungi.
582 1584 713 1649 Rides?
754 1585 832 1648 Non
850 1594 929 1648 sunt
949 1584 1032 1649 haec
1049 1584 1196 1660 ridicula,

99 1758 101 1764 ,
155 1693 366 1758 mihicrede.
417 1693 509 1777 Quid
533 1692 622 1757 aliud
647 1692 790 1758 scribam
815 1694 856 1756 ad
880 1703 924 1768 te,
943 1692 1047 1777 quid?
1089 1692 1199 1756 Multa

155 1810 246 1878 sunt,
260 1802 320 1866 sed
337 1801 371 1865 in
388 1801 477 1865 aliud
494 1810 638 1884 tempus.
675 1801 713 1867 Si
730 1811 923 1884 exspectare
940 1801 1032 1878 velis,
1047 1821 1144 1865 cures
1161 1810 1197 1864 ut

156 1910 269 1976 sciam.
319 1910 390 1974 Iam
408 1910 488 1974 illud
506 1911 658 1974 modeste
674 1930 755 1992 rogo
771 1911 861 1991 quod
879 1909 1021 1974 maxime
1038 1909 1145 1992 cupio,
1161 1919 1198 1973 ut

155 2039 255 2103 quam
273 2019 416 2101 primum
433 2018 560 2083 venias.
587 2003 591 2012 ⁵
611 2019 719 2082 Nonis
737 2018 989 2083 Decembribus.

191 2190 229 2227 ιο.
249 2177 443 2227 concordiam:
466 2177 498 2226 cf.
518 2179 653 2227 coniuncti·
701 2191 762 2227 um:
780 2191 871 2225 aman
886 2176 916 2225 of
932 2177 1033 2226 neither
1049 2175 1199 2242 abilitynor

155 2261 209 2304 mre,
228 2244 276 2308 Ep.
295 2245 327 2293 V.
342 2244 582 2307 6n.-quaedam
602 2278 651 2293 ...
701 2243 893 2306 distinguished
905 2243 1082 2302 antecedente,
1092 2242 1139 2292 but
1151 2251 1198 2306 put

155 2311 373 2362 tuta...via:in
383 2326 507 2374 response
517 2318 653 2359 toawarn-
700 2309 812 2359 forward
835 2308 869 2375 by
892 2310 1004 2360 Crassus
1033 2317 1061 2359 to
1089 2318 1199 2373 support

155 2378 200 2442 ing
216 2377 285 2427 from
301 2378 413 2436 Atticus,
427 2377 519 2426 Cicero
537 2377 653 2441 explains
701 2377 975 2441 Caesar—cogitat,
988 2385 1081 2441 putat:
1093 2393 1126 2425 sc.
1135 2378 1199 2426 Luc·

156 2445 197 2494 his
208 2445 323 2509 political
334 2444 409 2508 pians
421 2444 447 2493 in
460 2446 511 2492 Aet.
525 2458 547 2493 2.
561 2444 653 2502 r.6,as
701 2443 896 2494 ocius-curn
919 2445 991 2492 hoc:
1015 2446 1053 2492 ie.
1079 2443 1197 2503 Bibulus;

74 2568 77 2575 ¹
142 2511 270 2563 Iollows:
283 2528 334 2560 non
346 2518 427 2575 utego
437 2513 468 2560 de
478 2513 595 2573 opts'matr'
604 2512 653 2559 illo
701 2510 734 2560 ci.
753 2510 801 2574 Ep.
815 2511 877 2558 VII.
892 2524 905 2558 2
922 2526 987 2558 ιι-
1001 2511 1033 2560 C.
1048 2511 1197 2560 Pisonem:

156 2595 211 2628 mea
229 2581 326 2627 ratione
340 2580 487 2635 decederem,
500 2580 545 2626 sed
563 2584 593 2626 ut
609 2579 653 2627 ille
701 2577 731 2626 C.
763 2577 921 2640 Calpurnius
957 2577 1025 2636 Piso,
1052 2577 1111 2626 who
1145 2577 1198 2626 had

159 2645 315 2710 (Pompeius)
328 2652 391 2694 esset
406 2645 498 2693 melior
512 2651 538 2693 et
552 2646 656 2708 aliquid
700 2644 767 2693 been
784 2642 877 2694 consul
896 2644 923 2692 in
943 2643 974 2705 67
993 2655 1043 2692 nc.
1062 2643 1114 2692 and
1133 2644 1200 2694 later

157 2712 322 2776 depopulari
331 2713 433 2761 levitate
446 2713 584 2773 deponeret.
610 2711 653 2760 He
700 2725 831 2774 governor
850 2710 879 2759 of
901 2711 988 2760 Gallia
1010 2709 1197 2769 Narbonensis,

156 2778 204 2827 has
221 2778 304 2843 hopes
322 2793 387 2827 even
407 2778 436 2826 of
456 2778 571 2827 Caesar:
591 2779 657 2842 quid
701 2793 754 2827 was
774 2793 808 2826 an
831 2785 945 2827 extreme
968 2777 1085 2828 member
1101 2778 1130 2826 of
1153 2777 1198 2827 the

156 2847 181 2893 si
195 2847 271 2894 etiam
287 2847 420 2894 Caesarem
434 2880 440 2892 .
454 2881 460 2891 .
474 2880 480 2892 .
492 2845 570 2895 reddo
586 2846 654 2893 meli·
701 2852 777 2910 party
788 2844 818 2893 of
829 2844 874 2893 the
887 2845 1043 2908 Optimates,
1055 2843 1107 2894 and
1124 2859 1141 2893 a
1152 2844 1198 2893 bit-

156 2927 232 2961 orem.
702 2919 742 2960 ter
763 2926 857 2976 enemy
879 2910 909 2960 of
934 2912 1040 2969 Caesar,
1063 2912 1122 2960 who
1145 2910 1198 2960 had

191 2991 230 3027 11.
249 2978 418 3029 Lucceium:
435 2978 468 3028 ef.
480 2978 538 3027 intr.
551 2985 614 3027 note
626 2985 654 3026 to
700 2977 816 3042 brought
828 2993 844 3027 a
854 2978 922 3042 legal
934 2978 1021 3027 action
1030 2978 1131 3042 against
1143 2978 1197 3027 him

157 3045 205 3108 Ep.
214 3045 320 3096 XVIII.
331 3046 425 3094 Cicero
433 3045 454 3094 is
462 3044 601 3108 writing0I
610 3044 654 3094 the
701 3044 776 3094 afew
784 3060 857 3110 years
866 3044 964 3094 before.
978 3045 1021 3094 He
1030 3045 1107 3094 could
1116 3045 1199 3095 there·

156 3112 281 3162 electione
296 3112 380 3161 which
397 3110 485 3160 would
502 3111 564 3160 take
581 3112 654 3175 place
699 3111 757 3161 fore
769 3112 803 3161 be
814 3111 894 3161 relied
905 3127 977 3176 upon
989 3119 1017 3160 to
1029 3127 1076 3162 use
1087 3111 1129 3162 his
1140 3112 1198 3162 best

156 3179 181 3227 in
195 3178 365 3228 midsummer
379 3177 409 3228 of
424 3177 458 3228 60
471 3190 520 3227 ec.
556 3179 654 3228 Caesar
701 3178 793 3228 efforts
802 3186 831 3227 to
841 3178 943 3228 further
954 3179 999 3228 the
1011 3193 1089 3228 cause
1100 3179 1130 3228 of
1142 3179 1199 3228 Bib-

156 3245 233 3294 allied
251 3245 357 3294 himself
374 3244 435 3294 with
454 3245 588 3302 Lucceius,
606 3244 654 3294 but
702 3245 769 3302 ulus,
788 3260 859 3308 upon
876 3245 962 3294 whom
981 3244 1026 3295 the
1050 3246 1198 3309 Optimates

156 3312 201 3362 the
218 3312 366 3376 Optimates
383 3311 654 3376 partiallyfrustrated
701 3311 823 3362 centered
855 3312 923 3362 their
951 3312 1043 3362 efforts
1072 3313 1100 3362 in
1131 3312 1199 3362 their

155 3379 201 3428 the
224 3379 400 3428 combination
424 3378 458 3444 by
475 3380 520 3428 the
542 3379 652 3429 election
702 3379 818 3442 struggle
837 3379 939 3443 against
963 3379 1068 3428 Caesar.
1082 3380 1200 3428 -rnihi

156 3445 185 3494 of
203 3445 311 3496 Bibulus
329 3461 358 3495 as
376 3445 497 3495 Caesar's
511 3446 651 3508 colleague.
703 3447 799 3496 crede:
811 3445 844 3495 cf.
857 3446 1010 3505 mihicrede,
1020 3446 1069 3510 Ep.
1080 3447 1198 3496 XXVII.

155 3525 264 3562 -cum
282 3527 333 3562 eo:
355 3514 395 3562 ie.
414 3512 560 3561 Caesen-
572 3511 653 3562 Arri-
705 3525 755 3561 ιιι.
