2780 4332
216 314 267 370 290
552 315 720 367 creano’s
745 315 918 367 narrans.
1156 315 1222 386 [ep.
1237 315 1274 372 c.

217 484 404 569 plurimum,
431 494 466 549 ut
492 495 583 567 puto,
602 493 640 548 tu
664 505 805 568 quoque,
824 486 919 550 cuius
945 484 999 548 ille
1023 496 1119 549 tanta
1142 487 1273 550 merita

217 594 318 658 habet
347 604 472 676 quanta
499 613 598 658 nemo
621 603 754 676 praeter
779 615 847 672 me;
872 615 1052 676 numquam
1075 595 1165 658 enim
1183 595 1271 659 obli·

217 701 326 766 viscar
357 702 500 766 maxima
531 722 569 767 ac
601 702 741 786 plurima
770 721 823 764 me
853 701 914 764 tibi
942 703 1073 766 debere.
1124 703 1179 767 De
1211 705 1271 767 his

217 812 318 876 rebus
342 820 379 875 ut
405 811 553 894 exigeret
579 830 654 875 cum
680 830 720 873 eo
747 811 872 874 Furnio
898 811 1059 874 mandavi.
1112 811 1213 894 Quod
1239 813 1270 875 si

218 929 376 1002 quantam
400 919 507 983 debeo
530 919 678 983 habuero
703 903 790 1000 apud
808 938 882 981 eum
902 920 1145 994 auctoritatem,
1165 921 1269 1002 pluri-

184 1036 308 1092 8mum
341 1029 450 1110 ipsum
484 1027 606 1091 iuvero.
660 1026 731 1089 Nos
756 1026 884 1089 interea
908 1027 1039 1089 duriore
1065 1029 1269 1092 condicione

218 1137 341 1200 bellum
359 1135 575 1211 sustinemus,
595 1135 682 1217 quod
700 1153 809 1217 neque
828 1135 1112 1216 expeditissimam
1130 1137 1268 1200 dimica·

218 1245 344 1308 tionem
372 1254 529 1327 putamus
555 1263 664 1326 neque
691 1252 804 1306 tamen
829 1242 1026 1324 refugiendo
1051 1245 1268 1309 commissuri
1312 1228 1318 1236 ¹

218 1373 333 1417 sumus
359 1362 396 1417 ut
424 1351 530 1416 maius
560 1351 800 1415 detrimentum
829 1371 882 1414 res
911 1372 942 1433 p.
968 1351 1120 1434 accipere
1144 1354 1265 1434 possit.

219 1461 317 1544 Quod
346 1461 373 1524 si
398 1470 456 1524 aut
478 1460 602 1525 Caesar
627 1479 663 1523 se
687 1459 871 1543 respexerit
894 1469 952 1523 aut
977 1458 1162 1525 Africanae
1184 1462 1268 1543 legi·

217 1590 299 1634 ones
316 1570 470 1635 celeriter
491 1568 656 1644 venerint,
677 1587 811 1632 securos
836 1589 894 1632 vos
919 1569 961 1632 ab
986 1569 1047 1632 hac
1075 1580 1171 1650 parte
1191 1571 1267 1632 red-

217 1680 342 1742 demus.
393 1679 455 1754 Tu,
474 1686 511 1741 ut
536 1675 723 1752 instituisti,
742 1696 796 1740 me
817 1676 936 1759 diligas
959 1697 1039 1760 rogo
1063 1678 1267 1760 proprieque

217 1797 313 1850 tuum
331 1807 404 1850 esse
422 1786 483 1851 tibi
500 1786 710 1868 persuadeas.
760 1803 782 1848 v
796 1785 838 1848 K.
860 1784 950 1850 Sext.
970 1805 1011 1849 ex
1027 1786 1155 1850 castris.

219 1945 366 1994 Marcellus
380 1951 456 1994 -tu
479 1957 614 2007 quoque:
638 1941 714 1991 when
763 1942 804 1992 his
824 1942 911 1991 action
934 1943 961 1990 in
982 1943 1101 2006 securing
1121 1958 1137 1993 a
1159 1952 1265 1992 senatus

218 2012 344 2061 Octavius
373 2026 445 2060 came
461 2019 501 2058 ·to
536 2011 619 2058 Rome
648 2008 716 2059 after
762 2011 904 2057 consultum
930 2009 1094 2072 authorizing
1117 2024 1133 2058 a
1156 2010 1266 2059 thanks

219 2079 302 2138 Julius
319 2078 438 2126 Caesar's
456 2076 543 2133 death,
557 2077 589 2125 he
607 2074 714 2125 showed
763 2076 852 2140 giving
864 2075 894 2123 of
905 2075 963 2141 fifty
972 2075 1036 2141 days
1044 2075 1070 2124 in
1083 2077 1204 2124 honoros
1218 2078 1265 2127 the

217 2153 289 2208 great
319 2143 454 2193 deference
476 2144 519 2191 tor
543 2143 654 2202 Cicero;
680 2142 713 2191 cf.
764 2142 863 2207 victory
882 2142 977 2204 gained
995 2143 1028 2207 by
1048 2143 1182 2200 Octavius,
1203 2144 1266 2192 Hir·

219 2215 271 2259 Art.
288 2225 324 2271 ι4.
340 2224 376 2258 11.
391 2225 404 2258 2
418 2211 489 2259 modo
500 2213 571 2259 venit
587 2211 713 2265 Octavius,
763 2209 822 2265 tius,
841 2209 893 2257 and
911 2209 996 2257 Pansa
1012 2225 1075 2257 near
1092 2211 1188 2258 Forum
1201 2210 1265 2259 Gal·

216 2286 241 2328 et
267 2279 367 2342 quidem
397 2279 427 2324 in
444 2279 595 2338 proximum
622 2277 713 2324 villam
763 2277 855 2324 lorum.
887 2276 929 2324 Cf.
942 2277 1056 2338 Philipp.
1072 2290 1152 2340 5453
1173 2290 1212 2336 14.
1223 2291 1264 2340 29.

218 2346 342 2407 Philippi,
362 2345 430 2392 milri
448 2350 512 2391 totus
532 2344 650 2401 deditus,·
678 2357 715 2402 ¹4·
797 2341 820 2390 8.
838 2341 946 2392 bellurn
958 2343 1157 2393 sustinemus:
1174 2358 1207 2391 an
1218 2359 1266 2392 un-

221 2426 257 2461 12.
272 2426 284 2459 z
298 2412 424 2459 nobiscum
445 2411 486 2459 lic
498 2409 683 2472 perhonorifice
694 2414 718 2457 et
762 2409 839 2457 usual
858 2409 1018 2472 expression.
1070 2409 1111 2457 Cf.
1129 2411 1263 2466 sustinere,

217 2480 296 2528 amice
316 2479 442 2534 Octavius,
456 2475 509 2524 and
527 2478 577 2538 Ep.
589 2477 625 2524 ud
637 2477 714 2524 Brut.
763 2475 961 2532 Antibarbarus,
974 2474 1027 2524 and
1044 2491 1088 2524 see
1108 2476 1151 2524 the
1163 2476 1264 2525 similar

221 2559 240 2593 1.
262 2545 298 2592 18.
319 2559 332 2608 3
351 2544 463 2608 (written
482 2544 506 2592 in
525 2557 556 2606 43
577 2544 638 2604 ne.)
656 2559 713 2591 cum
763 2542 856 2604 phrase
874 2542 901 2590 in
920 2556 944 2607 3,
960 2559 1005 2590 nos
1021 2543 1113 2599 adhuc,
1131 2551 1263 2593 etc—se

216 2628 257 2661 ‘mc
262 2612 505 2672 proadulesccntulo
513 2627 543 2659 ac
551 2616 717 2670 paenepuero
762 2609 930 2672 respexerit,
952 2609 1022 2658 shall
1043 2610 1070 2655 dc
1092 2610 1209 2673 mindsul
1230 2611 1264 2674 os

218 2695 258 2726 res
283 2679 384 2740 publia
413 2677 544 2738 accepisset
570 2677 669 2723 vadem.
682 2702 716 2710 -
762 2676 803 2722 his
813 2677 869 2723 real
876 2676 998 2725 interests.
1037 2677 1088 2722 For
1097 2675 1149 2724 this
1159 2676 1262 2739 phrase,

206 2752 299 2793 -tanta
313 2743 433 2793 merita:
452 2743 486 2807 by
498 2742 538 2789 his
558 2756 635 2807 many
647 2757 716 2790 corn·
762 2741 795 2790 cl.
811 2742 893 2789 Plaut.
907 2743 998 2790 Pseud.
1015 2741 1075 2801 612;
1101 2743 1152 2790 l'er.
1165 2743 1262 2790 Heaut.

217 2812 372 2874 plimentary
384 2809 528 2858 references
548 2816 575 2857 to
589 2808 715 2857 Octavius
762 2820 811 2868 70;
828 2820 927 2870 919.-
937 2822 971 2855 ex
984 2808 1103 2857 castris:
1122 2817 1151 2857 at
1163 2808 1263 2858 Cularo

217 2877 245 2928 in
266 2877 311 2926 the
339 2883 438 2933 senate,
464 2874 517 2923 and
545 2874 654 2939 notably
682 2873 717 2940 by
761 2873 895 2940 probably.
