2780 4332
234 283 285 337 2⁷4
576 281 745 333 CICERO’S
770 281 943 331 LETTERS.
1104 281 1166 350 [Ep.
1180 282 1281 333 XCIV.

236 452 266 516 ei
286 471 356 515 rem
380 451 665 514 demonstrassem
690 460 723 513 et
748 450 851 513 vitam
877 460 968 513 tuam
994 450 1204 533 superiorem
1230 472 1280 514 ex-

235 559 432 642 posuissem,
451 579 610 642 magnum
634 558 819 641 periculum
844 579 994 622 summae
1019 559 1119 641 reip.
1146 560 1281 623 demon·

235 670 373 745 strabat,
399 669 464 732 nisi
495 668 537 732 ad
561 669 768 750 superiorem
792 668 1070 731 consuetudinem
1096 678 1170 731 tum
1205 689 1283 732 cum

237 777 404 842 Favonius
429 777 524 840 flaret
549 776 745 839 revertisses
752 796 761 852 ;
792 776 855 839 hoc
879 785 1031 858 tempore
1062 776 1144 838 ferri
1169 796 1281 858 posse,

201 885 263 954 3si
287 886 376 950 forte
399 895 437 948 tu
461 884 570 967 frigus
593 884 683 947 ferre
707 904 775 947 non
799 903 927 966 posses
978 884 1045 948 Sed
1075 885 1281 960 mehercule,

235 994 281 1057 mi
313 995 425 1070 Paete,
450 1002 545 1057 extra
575 993 684 1056 iocum
710 1012 830 1056 moneo
861 1002 905 1068 te,
932 994 1019 1076 quod
1043 993 1216 1075 pertinere
1240 995 1283 1056 ad

234 1103 333 1167 beate
354 1103 533 1166 vivendum
558 1101 712 1178 arbitror,
734 1111 771 1164 ut
797 1083 872 1165 cum
897 1101 978 1164 viris
1001 1101 1098 1164 bonis
1125 1101 1283 1164 iucundis

234 1211 424 1276 amantibus
448 1210 499 1274 tui
524 1212 626 1274 vivas.
678 1209 771 1272 Nihil
795 1219 846 1273 est
873 1209 984 1291 aptius
1005 1209 1102 1284 vitae,
1129 1209 1215 1271 nihil
1239 1212 1283 1272 ad

235 1320 333 1383 beate
349 1320 528 1382 vivendum
545 1318 838 1383 accommodatius.
872 1318 945 1382 Nec
962 1318 994 1380 id
1011 1319 1053 1381 ad
1069 1317 1282 1401 voluptatem

234 1428 353 1503 refero,
373 1428 433 1491 sed
448 1429 490 1491 ad
507 1427 784 1491 communitatem
801 1427 890 1490 vitae
910 1436 1011 1510 atque
1032 1426 1143 1490 victus
1165 1428 1283 1490 remis-

235 1537 430 1619 sionemque
455 1537 642 1599 animorum
675 1557 761 1619 quae
785 1536 927 1599 maxime
956 1555 1111 1599 sermone
1135 1535 1283 1600 efficitur

234 1644 397 1721 familiari,
416 1646 473 1728 qui
490 1655 542 1709 est
559 1645 594 1707 in
616 1645 778 1709 conviviis
795 1645 1018 1720 dulcissimus,
1037 1653 1074 1708 ut
1092 1644 1282 1727 sapientius

235 1754 342 1817 nostri
358 1774 457 1836 quam
476 1753 612 1818 Graeci:
632 1753 679 1816 illi
700 1750 873 1831 συμπόσια
893 1761 950 1816 aut
968 1747 1155 1829 σύνδειπνα,
1175 1753 1208 1815 id
1226 1763 1282 1816 est

235 1863 502 1945 compotationes
523 1871 581 1925 aut
606 1862 875 1937 concenationes,
894 1881 956 1925 nos
977 1859 1169 1936 ‘convivia'
1189 1864 1281 1944 quod

234 1982 306 2034 tum
331 1971 474 2034 maxime
491 1971 590 2034 simul
606 1971 738 2034 vivitur.
787 1970 892 2034 Vides
909 1979 947 2033 ut
964 1979 999 2032 te
1012 1969 1281 2052 philosophando

235 2098 389 2143 revocare
420 2099 522 2143 coner
552 2080 594 2142 ad
626 2099 735 2144 cenas.
786 2079 876 2144 Cura
899 2089 936 2143 ut
960 2079 1080 2143 valeas
1132 2078 1170 2141 Id
1195 2079 1281 2143 foris

200 2209 217 2256 4
234 2188 413 2252 cenitando
434 2187 592 2252 facillime
609 2208 823 2272 consequere.
860 2188 927 2253 Sed
945 2208 1034 2263 cave,
1054 2187 1152 2251 sime
1172 2207 1279 2264 amas,

233 2297 406 2360 existimes
431 2317 484 2360 me
507 2298 596 2380 quod
621 2297 766 2361 iocosius
790 2297 934 2361 scribam
967 2297 1129 2361 abiecisse
1161 2318 1278 2361 curam

234 2406 281 2468 rei
298 2426 329 2487 p.
379 2405 435 2469 Sic
455 2406 525 2480 tibi,
543 2405 589 2468 mi
613 2406 723 2480 Paete,
742 2407 914 2489 persuade,
933 2426 987 2468 me
1006 2406 1079 2470 dies
1100 2415 1132 2469 et
1156 2417 1279 2470 noctes

233 2514 315 2576 nihil
336 2513 425 2576 aliud
446 2533 556 2596 agere,
574 2514 658 2577 nihil
684 2535 809 2590 curare,
836 2514 901 2578 nisi
923 2523 961 2578 ut
990 2515 1056 2578 mei
1078 2515 1167 2580 cives
1193 2515 1280 2579 salvi

233 2621 395 2705 liberique
420 2622 497 2685 sint.
561 2622 701 2685 Nullum
726 2623 836 2687 locum
861 2622 1092 2705 praetermitto
1116 2625 1280 2687 monendi

233 2788 299 2838 ened
312 2789 442 2838 him-until
455 2789 499 2838 the
516 2788 576 2838 Ides
588 2789 619 2837 of
636 2791 725 2840 March
778 2792 894 2842 iocum:
923 2792 1062 2842 elsewhere
1096 2794 1150 2842 also
1179 2803 1279 2844 remoto

232 2869 298 2905 were
310 2865 377 2919 past.
387 2871 494 2906 -cum
509 2857 656 2907 Favonius
674 2857 728 2906 fla·
778 2861 870 2909 tocn-
878 2859 927 2918 illi,
936 2868 999 2908 etc:
1011 2860 1043 2908 cf.
1056 2861 1086 2908 de
1097 2862 1155 2909 Sen.
1165 2875 1180 2921 4
1185 2875 1206 2926 5,
1217 2864 1279 2911 lene

232 2930 294 2971 ret:
322 2923 374 2971 this
403 2923 471 2971 wind
500 2923 584 2985 began
608 2931 636 2972 to
659 2923 728 2972 blow
777 2928 845 2974 enim
870 2929 978 2975 matores
993 2928 1170 2975 accubitionem
1189 2931 1278 2989 epula-

233 2988 325 3052 during
342 2989 386 3037 the
404 2989 501 3039 second
521 2989 591 3039 week
614 2991 640 3038 in
666 2991 727 3039 feb.
779 3009 830 3041 rem
844 2995 1066 3057 umc'corum,quia
1081 2995 1279 3044 m'taeconiunc-

234 3054 278 3117 (cf.
298 3056 362 3104 Plin.
385 3058 420 3104 Ν.
444 3057 479 3104 H.
497 3071 519 3104 2.
540 3069 598 3117 1223
622 3057 727 3106 colum.
778 3061 869 3108 tionem
882 3061 1144 3117 haberet,convivium
1158 3064 1277 3110 nomina-

235 3135 305 3170 rr.2.
319 3136 357 3187 153
372 3123 447 3179 Ovid‚
456 3123 530 3171 Fasti
541 3137 563 3171 2.
576 3125 643 3188 149).
670 3125 728 3174 The
778 3133 879 3184 verunt,
897 3128 987 3175 melius
1010 3143 1086 3190 quam
1112 3129 1211 3186 Graeci,
1230 3132 1280 3192 qui

232 3189 362 3238 reference
380 3190 453 3252 helps
471 3199 498 3238 to
514 3188 548 3238 fix
567 3191 611 3239 the
626 3190 686 3239 date
699 3191 728 3238 of
778 3192 824 3241 hoc
837 3194 902 3242 idem
921 3201 975 3241 tum
994 3195 1207 3255 computationem,
1220 3203 1276 3245 tum

232 3255 276 3304 the
289 3257 364 3306 letter
374 3257 418 3321 (cf.
430 3258 521 3313 Ruete,
534 3256 589 3320 44).Ι
779 3262 978 3309 concenationem
992 3268 1087 3308 vocant.

265 3337 288 3385 3.
307 3324 485 3373 mehercule:
506 3322 727 3388 cf.merculc,Ep.
812 3340 835 3386 4.
854 3326 879 3375 si
898 3341 944 3375 me
963 3340 1062 3375 amas:
1080 3327 1113 3375 cf.
1133 3328 1197 3376 Intr.
1221 3343 1278 3378 roo.

233 3390 474 3453 XXV.3n.-mi
495 3391 601 3439 Paete:
620 3391 665 3439 the
681 3406 727 3440 use
779 3392 1096 3456 —sic...persuade:
1114 3393 1279 3444 forlmc...

231 3454 260 3503 of
278 3457 337 3514 this,
354 3456 396 3504 for
414 3457 515 3513 Cicero,
529 3458 639 3506 unusual
657 3457 726 3506 form
773 3461 907 3521 persuade.
943 3458 985 3507 Cf.
1003 3462 1047 3517 sic,
1066 3461 1114 3523 Ep.
1134 3461 1208 3509 LXI.
1225 3476 1278 3526 5n.

231 3522 260 3570 of
282 3522 388 3572 address
418 3524 490 3572 three
521 3524 597 3572 times
624 3524 651 3572 in
675 3524 727 3573 this
777 3526 930 3575 —nullum
954 3526 1068 3576 locum:
1097 3527 1131 3575 cf.
1150 3544 1195 3576 nec
1217 3546 1280 3577 vero

230 3589 307 3638 letter
329 3589 416 3638 shows
439 3590 483 3638 the
510 3598 672 3639 eamestness
699 3590 728 3639 of
777 3594 830 3653 ipse
836 3600 923 3654 postea
935 3600 1033 3655 tempus
1045 3595 1127 3642 ullum
1145 3595 1281 3644 intermisi

231 3654 275 3702 the
287 3655 379 3712 writer,
392 3664 418 3703 at
430 3656 495 3703 least
508 3656 534 3703 in
547 3656 591 3704 the
603 3670 727 3718 passages
777 3658 807 3706 de
825 3674 852 3706 rc
861 3660 964 3721 publica
981 3677 1032 3708 non
1045 3662 1173 3723 cogitandi
1184 3662 1279 3718 solnm,

230 3718 315 3767 where
329 3719 372 3767 the
385 3721 537 3783 expression
549 3736 649 3770 occurs.
684 3721 726 3770 Cf.
777 3725 910 3774 sedetiam
932 3727 1032 3787 agendi,
1050 3728 1123 3775 Fam.
1146 3741 1183 3776 ro.
1203 3727 1279 3777 28.2

230 3786 269 3830 mi
290 3785 423 3845 Pomponi,
447 3785 496 3848 Ep.
521 3787 555 3834 X.
573 3795 726 3837 n.-extra
779 3789 891 3853 (written
904 3791 985 3840 about
999 3792 1061 3841 Feb.
1075 3807 1097 3850 2,
1110 3807 1141 3857 43
1155 3793 1228 3858 u.c.).
