2834 4326
228 243 261 296 ⁵2
568 245 736 295 CICERO'S
761 245 935 294 LETTERS.
1153 245 1223 312 [Ep.
1240 249 1301 296 XL

228 429 352 492 endum
379 437 441 493 est.
492 428 607 512 Quid?
666 428 784 494 Cicero
810 449 905 493 meus
934 429 1014 513 quid
1044 430 1148 512 aget?
1210 431 1298 495 Iste

228 557 307 600 vero
324 537 367 601 sit
385 537 420 600 in
437 536 514 600 sinu
535 557 668 618 semper
691 546 725 600 et
753 537 927 620 complexu
952 557 1036 601 meu.
1088 538 1165 601 Non
1191 560 1294 621 queo

229 645 324 727 plura
348 646 412 708 iam
438 644 599 722 scribere,
631 643 771 727 impedit
796 665 935 709 maeror.
985 646 1037 708 Tu
1062 645 1141 728 quid
1167 648 1292 728 egeris

229 753 357 830 nescio;
383 764 494 820 utrum
512 751 636 836 aliquid
653 761 771 816 teneas
788 773 840 828 an,
859 754 950 836 quod·
970 764 1093 828 metuo,
1112 753 1214 835 plane
1236 757 1288 819 sis

195 862 378 944 rspoliata.
431 861 596 938 Pisonem,
622 871 659 924 ut
685 860 814 937 scribis,
841 882 938 944 spero
962 861 1036 924 fore
1061 882 1195 944 semper
1222 885 1286 928 no-

229 980 346 1035 strum.
396 971 449 1034 De
465 969 593 1034 familia
616 969 756 1034 liberata
779 970 863 1033 nihil
888 979 940 1034 est
958 971 1047 1053 quod
1071 980 1105 1033 te
1130 981 1283 1037 moveat.

230 1079 375 1142 Primum
402 1079 469 1143 tuis
496 1078 543 1142 ita
569 1078 769 1161 promissum
797 1089 859 1160 est,
886 1088 921 1141 te
945 1078 1109 1143 Iacturam
1136 1099 1213 1143 esse
1244 1091 1284 1144 ut

228 1188 368 1271 quisque
387 1196 475 1251 esset
493 1188 649 1263 meritus;
674 1196 726 1250 est
750 1196 863 1251 autem
888 1187 922 1250 iu
947 1187 1055 1251 officio
1080 1188 1190 1251 adhuc
1216 1189 1284 1252 Or-

229 1297 344 1379 pheus,
360 1305 533 1380 praeterea
549 1315 752 1379 magnopere
765 1316 879 1373 nemo;
897 1305 1084 1360 ceterorum
1102 1316 1282 1360 servorum

229 1425 269 1468 ea
294 1426 394 1469 causa
422 1414 473 1469 est
500 1412 546 1480 ut,
574 1405 601 1468 si
630 1425 683 1468 res
710 1425 729 1468 a
755 1406 851 1468 nobis
876 1405 1012 1480 abisset,
1031 1404 1144 1468 liberti
1167 1406 1282 1468 nostri

150 1517 152 1520 ’
230 1523 354 1589 essent,
376 1514 405 1577 si
429 1513 582 1577 obtinere
598 1513 804 1596 potuissent;
831 1513 883 1576 sin
900 1513 941 1576 ad
966 1533 1027 1576 nos
1052 1513 1276 1595 pertinerent,

229 1622 392 1686 servirent
409 1631 642 1705 praeterquam
659 1621 781 1704 oppido
800 1621 905 1703 pauci.
957 1620 1025 1685 Sed
1046 1621 1128 1685 haec
1146 1621 1281 1686 minora

198 1741 317 1810 5sunt.
367 1731 420 1793 Tu
446 1731 534 1814 quod
561 1750 615 1793 me
639 1730 782 1793 hortaris
808 1740 844 1792 ut
869 1729 980 1793 animo
1006 1729 1068 1793 sim
1094 1750 1216 1812 magno
1242 1741 1280 1794 et

230 1860 322 1922 spem
356 1840 496 1903 habeam
521 1838 756 1921 reciperandae
785 1838 912 1913 salutis,
940 1837 972 1900 id
996 1837 1096 1901 velim
1122 1838 1166 1901 sit
1190 1837 1279 1902 eius-

229 1948 318 2011 modi
338 1957 375 2011 ut
400 1957 492 2011 recte
515 1967 649 2029 sperare
673 1946 850 2029 possimus.
902 1946 1000 2010 Nunc
1024 1945 1125 2009 miser
1141 1948 1278 2029 quando

231 2069 304 2120 tuas
319 2057 383 2119 iam
397 2057 526 2119 litteras
539 2056 724 2138 accipiam?
751 2055 836 2138 Quis
849 2056 890 2118 ad
907 2075 960 2117 me
978 2055 1150 2136 perferet?
1180 2053 1277 2138 Quas

230 2184 293 2246 ego
310 2174 557 2246 exspectassem
583 2164 749 2239 Brundisi,
768 2164 797 2227 si
814 2172 905 2227 esset
922 2163 1051 2228 licitum
1068 2183 1127 2245 per
1143 2172 1274 2240 nautas,

229 2273 286 2355 qui
304 2281 539 2355 tempestatem
557 2272 825 2355 praetermittere
842 2272 1032 2335 noluerunt.
1084 2272 1183 2355 Quod
1201 2272 1273 2335 reli-

229 2402 331 2463 quum
357 2390 418 2457 est,
447 2391 601 2444 sustenta
625 2390 668 2456 te,
695 2401 770 2443 mea
793 2380 962 2455 Terentia,
990 2389 1027 2442 ut
1052 2389 1150 2462 potes
1174 2379 1274 2442 hone-

230 2490 387 2554 stissime.
424 2489 589 2565 Viximus,
604 2489 792 2565 floruimus;
818 2509 886 2552 non
898 2488 1017 2551 vitium
1035 2491 1198 2563 nostrum,
1213 2489 1271 2552 sed

229 2598 335 2661 virtus
364 2606 479 2660 nostra
506 2617 568 2661 nos
597 2597 739 2674 adflixit;
768 2606 942 2680 peccatum
968 2607 1020 2660 est
1045 2597 1183 2672 nullum,
1210 2596 1273 2660 nisi

230 2707 316 2789 quod
335 2727 402 2769 non
420 2727 486 2768 una
502 2705 646 2769 animam
664 2727 738 2770 curn
758 2705 963 2769 ornamentis
981 2704 1163 2769 amisimus.
1207 2704 1271 2768 Sed

131 2845 136 2854 ·
230 2815 258 2878 si
286 2816 349 2878 hoc
374 2814 440 2877 fuit
465 2814 578 2878 liberis
604 2814 728 2878 nostris
754 2814 891 2896 gratius
918 2834 979 2876 nos
1004 2813 1125 2888 vivere,
1154 2822 1269 2888 cetera,

230 2973 338 3022 monio:
364 2972 471 3021 Tullia’s
490 2972 616 3036 marriage
634 2981 663 3021 to
681 2973 728 3022 her
778 2971 813 3038 by
821 2972 940 3035 assuring
951 2972 998 3020 her
1007 2971 1063 3020 that
1077 2971 1121 3020 the
1133 2970 1233 3020 control
1245 2969 1271 3018 ol

230 3039 285 3088 first
308 3038 428 3088 husband
455 3039 529 3099 Piso;
553 3039 586 3088 cf.
607 3041 726 3089 Pisonem
778 3039 826 3088 her
837 3039 922 3088 slaves
934 3046 1000 3088 rests
1012 3039 1038 3087 in
1052 3038 1098 3086 her
1115 3053 1172 3086 own
1191 3037 1269 3086 hands

230 3113 355 3162 nostrum,
366 3107 414 3169 Ep.
424 3106 503 3154 XIII.
515 3119 528 3153 2
539 3121 564 3154 u.
600 3106 693 3155 Cicero
705 3106 727 3155 Is
781 3107 818 3170 (te
830 3106 972 3155 Iacturam
983 3119 1057 3161 esse,
1065 3105 1168 3166 etc.).—
1175 3105 1204 3152 in
1213 3103 1269 3152 offi-

231 3173 351 3236 thinking
369 3173 399 3220 of
422 3173 467 3220 the
491 3181 613 3237 paymeut
631 3173 660 3221 ol
683 3173 727 3222 the
779 3173 833 3232 clo,
845 3173 1003 3238 fin'thful.—
1011 3172 1036 3220 si
1049 3171 1178 3221 obtinere
1191 3178 1270 3234 potu·

231 3240 325 3304 dowry.
339 3240 485 3288 —Cicero
505 3253 599 3288 meus:
622 3241 727 3288 Marcus
779 3239 879 3298 issent,
910 3239 937 3303 is
958 3240 1015 3300 they
1043 3239 1119 3286 could
1146 3239 1269 3286 maintain

231 3307 331 3363 Cicero,
344 3306 388 3355 the
401 3306 577 3354 orator’sson.
780 3305 859 3370 (their
882 3306 957 3354 claim
981 3312 1009 3353 to
1032 3303 1149 3352 freedom
1174 3305 1269 3366 against

264 3389 286 3433 4.
305 3374 340 3422 de
351 3373 461 3422 familia
470 3372 601 3422 liberata:
612 3372 728 3422 Cicero's
778 3388 821 3438 my
838 3370 1140 3435 enemies).-oppid0:
1164 3385 1180 3418 a
1198 3371 1269 3419 collo·

230 3439 384 3502 disposition
403 3440 431 3487 of
449 3440 489 3488 his
508 3455 566 3488 own
584 3440 669 3489 slaves
686 3439 728 3488 be·
778 3439 849 3503 quial
864 3438 936 3487 word
943 3456 949 3498 ;
968 3438 1000 3487 cf.
1020 3437 1148 3486 Dziatzko
1167 3452 1201 3485 on
1216 3437 1268 3485 Ter.

229 3506 286 3555 fore
315 3507 419 3569 leaving
448 3507 531 3554 Rome
554 3506 577 3554 Is
599 3505 665 3572 fully
688 3521 728 3554 ex·
779 3507 885 3554 Phorm.
904 3519 950 3570 317
970 3504 1021 3553 and
1040 3503 1164 3560 Wiilfflim
1178 3503 1232 3551 Lat.
1246 3520 1267 3551 u.

230 3573 334 3637 plained
345 3573 372 3621 in
385 3574 430 3622 the
447 3581 578 3630 sentence,
590 3580 726 3621 ceterorum
779 3589 842 3620 rom.
858 3574 1044 3634 Comparation,
1058 3584 1096 3618 21.

230 3655 360 3687 servorum
372 3675 377 3686 .
391 3677 396 3686 .
410 3641 516 3702 .oppid0
522 3641 607 3701 pauci.
635 3641 728 3688 Teren·
814 3653 835 3704 5.
854 3647 934 3688 esset
946 3638 1072 3687 licitum:
1085 3637 1116 3686 cf.
1125 3638 1222 3684 lict'tum
1231 3643 1267 3694 est,

231 3706 268 3754 tia
279 3705 409 3770 evidently
420 3705 490 3755 Iears
503 3705 547 3754 the
564 3706 618 3755 loss
636 3706 665 3754 of
681 3705 729 3754 her
780 3706 827 3769 Ep.
847 3707 958 3755 LXXV.
977 3719 992 3769 3
1004 3721 1028 3752 n.
1041 3732 1075 3740 -
1086 3703 1267 3753 ornamentis:

231 3771 324 3820 slaves.
359 3772 452 3821 Cicero
464 3771 549 3836 quiete
561 3771 608 3820 her
624 3771 728 3836 anxiety
778 3773 816 3820 ric.
829 3772 943 3835 position
956 3769 1008 3819 and
1020 3769 1126 3835 dignity.
