2814 4328
142 299 215 350 Fam.
227 297 251 349 ἁ
263 296 302 366 6.]
488 295 658 348 elcano’s
682 297 856 350 LETTERS.
1143 297 1192 352 205

142 451 300 552 patietur,
327 486 390 531 nec
415 485 556 530 manens
580 484 643 530 nec
668 473 798 530 mutata
821 466 907 531 ratio
930 466 1028 544 feret,
1047 467 1191 551 primum

142 586 179 640 ut
197 596 265 640 non
283 576 317 639 in
334 595 436 640 causa
455 574 527 657 pari
551 575 666 638 eadem
692 574 736 638 sit
760 583 795 639 et
819 575 973 641 condicio
997 586 1032 639 et
1055 575 1193 642 fortuna

140 684 302 758 omnium,
336 683 458 746 deinde
493 690 531 746 ot
569 681 603 745 in
641 702 713 746 earn
747 682 919 748 civitatem
951 683 1032 748 boni
1062 683 1125 748 viri
1156 695 1190 750 et

140 792 221 856 boni
246 791 338 857 cives
364 790 456 854 nulla
479 790 664 873 ignominia
687 789 796 854 notati
820 811 887 855 non
913 801 1132 869 revertantur,
1155 793 1189 857 in
1218 879 1220 885 Ι

140 921 241 984 quam
258 909 308 964 tot
327 898 532 963 nefariorum
550 899 714 963 scelerum
731 899 948 964 condemnati
967 910 1188 967 reverterunt.

141 1009 260 1073 Habes
278 1007 454 1089 augurium
471 1027 583 1071 meum
600 1027 609 1084 ;
633 1025 709 1090 quo,
724 1006 753 1070 si
769 1007 848 1090 quid
865 1008 1106 1082 addubitarem,
1121 1030 1189 1074 non
1210 1035 1238 1071 12

138 1116 254 1201 potius
272 1124 386 1180 uterer
401 1114 575 1199 quamilla
594 1114 835 1192 consolatione,
853 1136 919 1199 qua
942 1116 1041 1181 iacile
1065 1116 1188 1183 fortem

138 1226 247 1290 virum
281 1233 532 1289 sustentarem:
570 1231 616 1300 te,
649 1224 679 1288 si
718 1224 890 1306 explorata
920 1224 1060 1290 victoria
1098 1246 1189 1292 arma

139 1333 347 1417 sumpsisses
371 1352 432 1415 pro
457 1352 493 1396 re
516 1331 662 1415 p.-ita
685 1331 775 1396 enim
800 1311 872 1396 tum
899 1333 1187 1415 putabas-non

136 1442 240 1506 nimis
254 1461 330 1506 esse
342 1439 561 1518 laudandum;
577 1439 630 1504 sin
647 1450 784 1523 propter
799 1440 948 1505 incertos
965 1441 1075 1506 exitus
1093 1461 1189 1508 even-

136 1561 264 1634 tusque
288 1549 451 1614 bellorum
476 1569 577 1632 posse
604 1548 756 1613 accidere
780 1558 817 1613 ut
841 1549 1053 1614 vinceremur
1077 1561 1188 1635 putas

136 1681 206 1736 ses,
221 1679 290 1723 non
303 1658 427 1722 debere
442 1666 478 1722 te
490 1658 532 1722 ad
545 1659 727 1722 secundam
744 1657 914 1722 fortunam
931 1658 1019 1722 bene
1035 1670 1187 1743 paratum

136 1768 256 1843 luisse,
284 1767 457 1832 adversam
481 1766 572 1830 ferre
599 1766 692 1831 nullo
724 1767 824 1831 modo
855 1786 964 1849 posse.
1029 1767 1187 1853 Disputa-

136 1897 211 1941 rem
243 1877 344 1941 etiam
374 1885 501 1959 quanto
533 1874 657 1940 solacio
681 1874 745 1939 tibi
776 1875 984 1940 conscientia
1015 1875 1066 1941 tui
1093 1877 1184 1954 facti,

135 1993 286 2069 quantae
317 1982 532 2049 delectationi
566 1983 600 2047 in
633 1984 733 2048 rebus
765 1983 914 2048 adversis
946 1983 1080 2049 litterae
1111 2006 1187 2051 esse

137 2095 313 2159 deberent.
374 2091 679 2159 Commemorarem
709 2112 775 2156 non
804 2092 913 2157 solum
937 2104 1100 2170 veterum,
1127 2097 1186 2160 sed

137 2202 259 2267 horum
275 2200 377 2266 etiam
395 2201 582 2265 recentium
596 2201 649 2264 vel
666 2202 788 2266 ducum
804 2200 858 2264 vel
875 2201 1035 2286 comitum
1052 2212 1185 2268 tuorum

137 2310 354 2395 gravissimos
377 2329 487 2386 casus,
507 2309 607 2373 etiarn
634 2319 791 2373 externos
815 2309 940 2374 multos
965 2310 1072 2375 claros
1095 2311 1184 2376 viros

138 2419 347 2484 nominarem
365 2437 373 2498 ;
397 2418 485 2483 levat
503 2418 593 2482 enim
610 2418 759 2483 dolorem
777 2419 964 2483 communis
981 2419 1076 2503 quasi
1100 2419 1185 2504 legis

137 2537 173 2592 et
190 2507 357 2591 humanae
372 2527 579 2592 condicionis
596 2527 794 2591 recordatio.
844 2527 1057 2610 Exponerem
1082 2528 1183 2594 etiam
1205 2565 1232 2616 ¹3

137 2636 419 2720 quemadmodum
448 2635 503 2700 hic
532 2646 565 2699 et
592 2644 718 2720 quanta
743 2634 778 2699 in
805 2635 903 2700 turba
930 2646 1121 2721 quantaque
1149 2637 1183 2701 in

176 2816 214 2852 11.
234 2809 277 2853 tot
296 2838 303 2853 .
322 2835 330 2852 .
348 2835 356 2852 .
371 2803 578 2858 condemnati:
601 2801 635 2853 ci.
688 2801 790 2867 depend
819 2817 854 2851 on
883 2803 1043 2854 debere.—
1056 2812 1183 2868 quantae

139 2871 217 2920 Caes.
229 2870 262 2918 Β.
274 2871 300 2920 C.
314 2883 336 2934 3.
352 2883 362 2917 1
377 2871 515 2918 nonnullos
526 2871 636 2919 ambitus
688 2869 890 2920 delectationi:
915 2869 949 2919 cf.
970 2871 1043 2919 Fam.
1065 2871 1088 2920 6.
1112 2885 1148 2920 12.
1170 2885 1183 2937 5

138 2935 637 3001 Pompeuuge(0152nc.)uamnatos
687 2938 733 2986 sed
746 2943 784 2986 esi
799 2953 880 2987 unum
899 2938 1050 3002 perfugium
1069 2938 1183 2988 doctrino

137 3005 194 3053 illis
216 3003 376 3066 temporibus,
398 3003 491 3068 quibus
518 3005 548 3051 in
576 3004 637 3052 urbe
687 3004 961 3068 ocli'tterae...quue
977 3005 1094 3053 secundis
1111 3005 1184 3053 rebus

135 3070 405 3136 praeuiiiolegr'onum
416 3070 637 3132 Pompeiushabu·
687 3070 871 3120 delectationem
902 3071 975 3119 modo
1002 3071 1092 3120 habere
1118 3071 1183 3120 vide·

137 3144 213 3188 erat.
226 3171 232 3184 .
245 3171 252 3184 .
265 3138 295 3185 in
306 3138 432 3200 integrum
446 3138 563 3186 restituit.
593 3135 635 3186 Cf.
688 3137 790 3195 banuo,
808 3152 879 3186 nunc
895 3151 955 3187 uero
970 3139 1046 3186 etiam
1068 3140 1182 3187 salutem.

137 3203 196 3254 also
215 3202 269 3254 Cic
287 3205 341 3254 Ati.
362 3217 400 3253 ιο.
417 3217 441 3264 4
458 3201 493 3263 ὃς
509 3204 581 3252 Fam.
598 3214 636 3270 15.
686 3203 836 3254 —ducum
845 3203 892 3253 vel
904 3203 1043 3254 comitum
1055 3212 1182 3255 tuorum:

140 3285 180 3334 19.
193 3284 209 3336 3
220 3287 227 3330 ς
245 3270 317 3320 Suet.
329 3271 382 3320 Iul.
396 3283 436 3330 41.
687 3269 721 3319 cf.
734 3271 783 3334 Ep.
794 3271 882 3320 [ΧΠ.
893 3284 906 3318 2
916 3270 1116 3321 nn-rnultos
1128 3272 1183 3320 cla·

175 3351 212 3386 12.
231 3336 297 3387 illa:
315 3335 453 3402 explained
470 3335 505 3402 by
522 3336 566 3387 the
589 3336 637 3386 fol·
688 3351 736 3386 ros
758 3337 854 3387 viros:
879 3345 926 3386 not
944 3337 1038 3385 multos
1056 3345 1081 3386 ei
1101 3339 1184 3387 claros

137 3405 233 3468 loning
244 3405 326 3453 oratio
336 3405 444 3469 obliquo
454 3412 535 3464 -te,
548 3404 574 3454 si
586 3417 637 3454 ex·
687 3405 764 3461 viros,
781 3402 894 3453 because
914 3404 1007 3454 claros
1024 3404 1102 3453 viros
1125 3419 1184 3453 con·

137 3471 250 3537 plorata
267 3471 397 3530 victorio,
410 3479 467 3528 etc,
485 3471 640 3536 ifyouhod
687 3470 916 3534 stitutesasingle
926 3469 992 3520 idea
1022 3471 1115 3520 Cicero
1124 3487 1183 3536 may

137 3540 213 3588 taken
231 3545 266 3602 up
282 3553 362 3596 arms,
374 3538 450 3587 when
462 3553 515 3601 you
531 3536 639 3599 thought
687 3535 720 3586 be
733 3536 860 3600 thinking,
872 3535 914 3586 for
931 3537 1056 3595 instance,
1069 3536 1098 3586 ol
1116 3539 1184 3587 Alci·

137 3607 234 3667 victory
244 3605 363 3653 ’assumi
373 3631 409 3641 —
420 3605 572 3653 adversam
587 3639 594 3652 .
607 3639 615 3652 .
628 3638 636 3652 .
687 3602 778 3653 biades
787 3603 838 3652 and
848 3603 1046 3662 Themistocles,
1055 3605 1114 3653 who
1123 3603 1183 3654 died

138 3685 239 3736 posse:
254 3669 373 3736 opposed
384 3670 411 3720 in
424 3671 538 3734 thought
551 3680 579 3718 to
592 3670 636 3719 the
687 3670 714 3718 in
726 3670 898 3719 banishment.

137 3738 226 3788 clause
260 3738 322 3787 with
362 3745 496 3802 paratum
534 3737 636 3787 luisse.
724 3750 761 3801 13.
787 3745 895 3801 quantu
914 3771 921 3786 .
943 3771 950 3786 .
972 3737 1183 3789 .viveremue:

139 3804 209 3854 Both
226 3801 361 3870 potatum
378 3804 471 3855 tuisse
484 3803 536 3853 and
547 3817 636 3868 posse
689 3803 781 3852 Cicero
794 3811 915 3867 suggests
927 3803 972 3852 the
983 3818 1056 3852 same
1067 3805 1184 3855 consola·
