2814 4328
137 321 213 370 Fam.
226 334 250 384 9.
265 318 315 385 16.]
482 316 649 367 CICERO'S
674 316 847 366 LETTERS.
994 335 997 346 ¹
1140 315 1189 368 187

138 495 312 552 verentem
343 506 385 550 ne
416 485 519 550 Silius
545 506 606 550 suo
632 485 752 550 nuntio
777 485 900 568 aliquid
925 484 1006 548 mihi
1031 485 1188 550 sollicitu-

139 595 228 660 dinis
245 595 432 670 attulisset;
456 594 498 657 de
515 613 581 676 quo
602 602 637 656 et
661 602 698 656 tu
723 593 806 668 mihi
831 602 930 656 antea
954 593 1189 675 scripseras—

138 704 192 768 bis
216 703 350 786 quidem
376 703 493 765 eodem
523 701 685 784 exemplo,
710 700 811 764 facile
835 710 872 764 ut
898 700 1126 784 intellegerem
1153 712 1187 766 te

139 832 216 875 esse
233 819 437 875 commotum
448 819 538 873 -et
556 829 619 892 ego
636 809 698 873 tibi
714 817 869 874 accurate
886 809 1120 891 rescripseram
1138 821 1184 888 ut,

138 920 307 1004 quomodo
324 919 358 982 in
375 918 434 982 tali
451 938 487 982 re
504 928 605 1001 atque
621 927 782 1000 tempore,
801 927 857 981 aut
878 917 1053 982 liberarem
1071 928 1105 981 te
1123 920 1187 983 ista

139 1049 218 1093 cura
243 1037 301 1091 aut
326 1036 418 1091 certe
443 1025 597 1091 levarem.
652 1026 720 1090 Sed
744 1026 899 1109 quoniam
925 1026 1084 1108 proximis
1109 1049 1218 1110 quo-2

138 1157 205 1220 que
222 1135 345 1199 litteris
357 1135 509 1199 ostendis
522 1143 666 1218 quantae
682 1134 745 1198 tibi
760 1154 860 1199 curae
877 1134 921 1198 sit
938 1155 978 1198 ea
994 1155 1057 1210 res,
1070 1135 1127 1211 sic,
1139 1136 1185 1199 mi

139 1245 251 1320 Paete,
269 1243 410 1308 habeto:
433 1243 590 1327 quicquid
612 1251 684 1306 arte
702 1242 774 1305 lieri
799 1243 1079 1325 potuerit—non
1096 1244 1183 1308 enim

138 1349 205 1416 iam
238 1352 320 1416 satis
353 1361 407 1415 est
436 1351 576 1416 consilio
602 1371 776 1435 pugnare;
815 1351 992 1415 artificium
1020 1353 1183 1434 quoddam

138 1460 397 1543 excogitandum
430 1469 492 1536 est,
509 1499 556 1508 -
583 1460 643 1523 sed
675 1469 789 1523 tamen
827 1459 984 1542 quicquid
1025 1460 1186 1524 elaborari

138 1579 195 1634 aut
223 1568 310 1634 effici
338 1569 486 1652 potuerit
511 1570 552 1633 ad
585 1568 725 1632 istorum
758 1566 1026 1632 benevolentiam
1052 1570 1184 1633 concili-

137 1679 259 1742 andam
277 1688 310 1741 et
334 1677 577 1760 conligendam,
597 1697 727 1740 summo
752 1677 863 1740 studio
888 1697 942 1740 me
967 1687 1183 1742 consecutum

138 1806 224 1863 esse,
249 1806 312 1851 nec
336 1786 470 1860 frustra,
497 1794 533 1848 ut
558 1785 716 1862 arbitror;
745 1784 793 1850 sic
817 1785 904 1848 enim
931 1786 1029 1861 color,
1056 1786 1105 1850 sic
1128 1788 1184 1851 ob-

138 1915 254 1960 servor
277 1895 319 1958 ab
341 1893 496 1958 omnibus
521 1893 562 1957 iis
578 1893 635 1977 qui
659 1914 678 1956 a
703 1893 846 1957 Caesare
868 1893 1061 1976 diliguntur,
1080 1904 1118 1958 ut
1142 1896 1184 1959 ab
1236 1901 1242 1908 “

139 2003 180 2067 iis
204 2024 259 2068 me
278 2003 381 2067 amari
405 2012 530 2086 putem.
582 2002 668 2066 Nam
685 2002 750 2065 etsi
774 2021 841 2064 non
865 2001 964 2066 facile
984 2003 1184 2068 diiudicatur

138 2133 232 2177 amor
263 2132 362 2176 verus
394 2120 428 2176 et
459 2110 568 2187 fictus,
602 2109 668 2174 nisi
699 2110 833 2193 aliquod
865 2110 983 2174 incidit
1021 2111 1183 2176 eiusmodi

137 2231 273 2305 tempus
297 2229 344 2297 ut,
369 2219 465 2303 quasi
491 2239 608 2283 aurum
635 2219 715 2302 igni,
742 2219 791 2282 sic
815 2219 1050 2283 benevolentia
1075 2220 1182 2285 fidelis

136 2329 286 2413 periculo
321 2328 430 2412 aliquo
470 2327 614 2410 perspici
653 2327 944 2409 possit—cetera
975 2338 1053 2392 sunt
1087 2329 1184 2412 signa

137 2437 336 2513 communia,
347 2476 394 2485 -
406 2438 465 2501 sed
483 2456 546 2519 ego
563 2456 631 2499 uno
647 2445 723 2499 utor
738 2446 947 2519 argumento,
967 2439 1182 2520 quamobrem

136 2566 192 2610 me
220 2565 261 2609 ex
288 2545 401 2609 animo
427 2565 572 2627 vereque
603 2544 746 2608 arbitrer
773 2544 875 2627 diligi,
897 2545 974 2627 quia
1001 2555 1035 2608 et
1068 2555 1183 2610 nostra

136 2654 274 2719 fortuna
293 2675 333 2717 ea
353 2662 405 2718 est
431 2662 464 2716 et
490 2653 620 2717 illorum
646 2662 683 2716 ut
708 2652 886 2717 simulandi
910 2674 1010 2717 causa
1033 2674 1101 2717 non
1126 2655 1179 2720 sit.

138 2763 192 2826 De
216 2760 272 2826 illo
296 2771 419 2838 autem,
444 2781 542 2844 quem
572 2781 677 2843 penes
701 2770 754 2824 est
778 2761 887 2826 omnis
911 2771 1072 2844 potestas,
1098 2763 1215 2836 nihil3

105 3015 108 3020 Ι
137 2953 189 3004 and
207 2961 296 3004 tastes.
329 2955 373 3002 No
385 2952 471 3003 better
487 2952 632 3018 specimens
684 2953 788 3004 -biss
804 2953 848 3002 for
857 2952 913 3001 iear
925 2953 981 3002 that
994 2968 1044 3002 one
1053 2954 1136 3017 might
1148 2954 1181 3004 be

137 3021 168 3070 ol
175 3021 311 3070 thesemo
320 3019 494 3068 urbanusand
503 3035 538 3069 no
548 3019 634 3068 better
685 3020 787 3068 lost.—
800 3020 902 3069 eodem
931 3020 1072 3084 exemplo,
1094 3028 1118 3070 to
1140 3023 1182 3070 tlte

136 3087 217 3152 prooi
242 3087 271 3136 of
297 3087 412 3136 Cicero’s
436 3086 478 3135 wit
502 3085 553 3134 and
576 3086 634 3134 bril·
684 3102 754 3135 same
764 3088 851 3150 efflet,¹
867 3087 934 3135 asin
949 3087 977 3146 Q.
983 3089 1025 3151 fr.
1039 3102 1061 3135 2.
1077 3089 1179 3152 tolia).

136 3155 221 3220 liancy
243 3169 272 3203 as
295 3169 311 3201 a
336 3152 506 3202 letter-writer
529 3168 577 3202 can
600 3152 633 3202 be
687 3165 708 3218 5.
734 3155 890 3216 Exemplum
904 3153 1013 3202 without
1022 3156 1097 3212 idem,
1106 3155 1179 3204 when

134 3218 219 3269 found
229 3220 291 3269 than
300 3220 327 3268 in
338 3219 382 3268 the
391 3220 480 3268 letters
489 3228 518 3267 to
529 3221 632 3268 Paetus.
685 3219 789 3282 applied
802 3227 829 3268 to
845 3220 942 3277 letters,
952 3235 1043 3270 means
1056 3228 1087 3269 ‘a
1098 3221 1180 3287 copy,’

173 3301 194 3335 1.
218 3287 314 3336 amavi
333 3300 478 3335 amorem:
497 3286 529 3334 ci.
548 3287 634 3335 occelli·
684 3288 857 3349 egCaesaris
873 3288 1018 3336 litterarum
1034 3290 1178 3350 exemplum

136 3370 184 3403 one
192 3355 307 3410 occisum,
319 3354 366 3415 Ep.
376 3353 505 3400 XXXIV.
516 3368 529 3414 7
541 3369 573 3410 n,
581 3351 633 3400 and
684 3354 801 3410 tibimiri,
810 3353 862 3401 Art.
870 3367 893 3415 7.
901 3367 939 3417 23.
948 3368 970 3417 3.
978 3357 1164 3417 —quomodo
1174 3374 1179 3404 :

134 3437 200 3471 cura
212 3428 242 3469 ut
255 3421 341 3469 valeas
358 3435 445 3483 meque
461 3435 530 3467 ames
547 3435 634 3469 amore
685 3420 833 3483 equivalent
857 3429 885 3468 to
909 3423 1086 3484 quoquomodo,
1105 3437 1133 3470 as
1154 3422 1180 3469 in

135 3490 183 3538 illo
199 3493 242 3536 tuo
258 3487 397 3549 singulari,
410 3487 483 3535 Fam.
504 3499 541 3550 15·
558 3501 595 3534 20.
610 3499 632 3550 3.
684 3487 758 3534 Fam.
784 3500 821 3547 ¹4·
844 3500 880 3547 14.
903 3500 912 3534 1
933 3490 1055 3550 quomodo
1077 3490 1178 3553 quidem

134 3554 274 3605 —Siliusr
281 3552 442 3619 probablyP.
450 3552 528 3602 Silius
537 3554 632 3610 Nerva,
685 3569 754 3601 nuuc
776 3569 801 3601 se
821 3570 861 3601 res
884 3554 980 3610 habet„
999 3590 1004 3600 .
1025 3591 1030 3601 .
1048 3555 1181 3603 bellissime

135 3629 165 3670 to
177 3621 271 3674 whom,
283 3620 358 3668 when
370 3620 404 3669 he
416 3634 468 3668 was
479 3628 633 3682 propraetor
684 3635 779 3668 mecum
792 3636 842 3668 esse
848 3622 972 3682 poteritis.

135 3687 167 3736 of
186 3687 307 3752 Bithynia
317 3687 343 3735 in
352 3698 385 3801 ἑι
401 3686 453 3734 and
469 3697 566 3750 sorae,
578 3702 633 3764 sev-
719 3700 740 3733 2.
761 3687 803 3736 sic
828 3722 835 3734 .
861 3721 868 3734 .
893 3720 900 3735 .
924 3688 1049 3737 habeto:
1073 3688 1116 3766 cf..
1131 3690 1179 3751 Ep.

135 3754 190 3804 eral
215 3754 305 3803 letters
335 3769 352 3801 o
392 3752 632 3801 recommendatron
685 3752 1180 3818 XXVI.1n.andlntr.89.-rsto·

134 3821 221 3886 (Fam.
232 3834 269 3885 13.
277 3833 317 3881 47,
325 3819 418 3884 61-65)
429 3834 473 3867 are
482 3817 630 3868 addressed.
684 3833 748 3869 rum
760 3837 766 3867 ι
784 3822 822 3868 ie.
836 3819 935 3870 Caesar
946 3818 997 3868 and
1010 3821 1050 3870 his
1061 3821 1167 3871 friends.
