2780 4332
199 265 249 316 aso
538 269 706 320 crcuuo’s
730 263 904 320 Lamnus
982 258 1253 336 irnhxxxvm.

199 433 260 497 tibi
278 434 429 502 videtur!
473 436 578 500 ‘Mihi
593 457 673 501 vero
690 438 829 502 minime
839 460 848 517 ;
872 449 947 503 tuto
964 440 1053 503 enim
1070 461 1141 504 non
1158 441 1250 507 eris'

201 543 311 627 ‘Quid
328 545 356 608 si
373 565 507 628 possem
527 566 611 621 esse,
630 546 822 628 placeretne
834 546 866 610 ?’
907 547 1036 631 ‘Atque
1052 559 1090 612 ut
1107 550 1250 614 omnino

199 671 308 736 neque
324 674 413 718 nunc
431 674 540 737 neque
558 675 597 718 ex
614 664 771 736 praetura
793 655 827 718 in
852 657 1058 737 provinciam
1074 657 1142 720 ires
1154 679 1168 734 ;,
1187 659 1250 721 sed

200 771 317 827 auctor
341 782 408 825 non
433 783 506 825 sum
534 774 570 826 ut
595 772 630 832 ,te
655 763 729 827 urbi
753 763 966 828 committas’
1017 765 1182 832 Dicebam
1209 787 1251 830 ea

200 889 284 950 quae
308 869 371 934 tibi
395 870 548 953 profecto
573 870 606 933 in
632 880 780 935 mentem
805 872 945 936 veniunt
974 893 1033 936 cur
1058 894 1125 940 non
1153 885 1249 938 esset

169 985 275 1041 2tuto
300 977 442 1042 futurus.
494 978 604 1043 Multo
629 979 706 1044 inde
731 999 886 1043 sermone
906 982 1251 1063 querebantur—at-

201 1106 266 1168 que
291 1087 323 1151 id
348 1087 482 1170 quidem
502 1087 641 1153 Cassius
665 1088 1013 1152 maxime—amissas
1038 1091 1248 1167 occasiones,

200 1195 445 1279 Decimumque
461 1197 607 1280 graviter
623 1197 836 1262 accusabant.
879 1198 953 1280 Ego
970 1199 1133 1281 negabam
1151 1219 1251 1282 opor-

200 1313 271 1367 tere
288 1305 477 1386 praeterita,
496 1305 710 1369 adsentiebar
727 1315 850 1370 tamen.
902 1305 1054 1388 Cumque
1071 1307 1250 1389 ingressus

200 1432 308 1476 essem
337 1412 447 1476 dicere
475 1414 555 1496 quid
582 1415 787 1496 oportuisset
798 1417 851 1460 ’-
871 1434 934 1478 nec
962 1435 1040 1478 vero
1066 1415 1250 1498 quicquam

200 1521 286 1595 novi,
312 1523 372 1584 sed
401 1542 440 1584 ea
467 1541 553 1604 quae
581 1523 703 1586 cotidie
732 1542 980 1586 omnes—nec
1009 1531 1122 1586 tamen
1151 1523 1249 1588 illum

199 1629 309 1693 locum
349 1631 559 1712 attingerem,
601 1651 800 1713 quemquam
845 1640 1018 1713 praeterea
1056 1633 1251 1714 oportuisse

200 1738 302 1821 tangi,
329 1738 387 1801 sed
414 1747 568 1802 senatum
596 1738 716 1813 vocari,
746 1739 905 1821 populum
932 1741 1104 1803 ardentem
1133 1741 1250 1805 studio

199 1847 432 1910 vehementius
457 1847 600 1922 incitari,
619 1857 724 1910 totam
750 1847 876 1930 suscipi
900 1869 970 1911 rem
996 1849 1173 1931 publicam,
1193 1870 1251 1913 ex-

200 1955 320 2019 clamat
346 1964 404 2018 tua
426 1955 625 2019 familiaris:
660 1956 757 2020 ‘Hoc
782 1977 860 2019 vero
888 1957 1057 2020 neminem
1086 1978 1250 2040 umquam

200 2063 331 2127 audivi’
382 2064 455 2146 Ego
473 2063 626 2146 repressi.
653 2075 655 2080 ’
677 2064 795 2128 Sedet
815 2064 952 2128 Cassius
971 2065 1052 2128 mihi
1069 2066 1252 2131 videbatur

200 2239 224 2288 si
243 2238 295 2288 tibi
313 2238 443 2288 videtur:
472 2239 504 2288 cf.
518 2239 566 2301 Ep.
585 2238 695 2288 LXXV.
747 2237 811 2304 days
822 2238 958 2302 following
972 2240 1092 2289 Caesar’s
1104 2240 1251 2290 assassina-

200 2320 216 2366 4
226 2321 249 2353 n.
259 2313 361 2355 —tuto
374 2305 443 2354 eris:
455 2305 488 2353 cf.
499 2306 562 2353 Intr.
570 2305 610 2370 85.
631 2322 696 2353 a.—
747 2305 810 2354 tion.
831 2306 872 2354 Cf.
881 2306 1019 2371 especially
1029 2307 1077 2370 Ep.
1088 2308 1249 2357 LXXXVI.

200 2380 295 2437 atque,
298 2389 351 2436 yn,
361 2373 522 2428 indeed,and
526 2387 536 2430 ,⁴
548 2372 696 2437 frequently
748 2386 771 2436 3.
806 2373 864 2422 The
884 2373 960 2421 other
977 2374 1154 2436 conspirators
1170 2389 1249 2432 were,

201 2439 265 2489 used
275 2440 300 2487 in
313 2439 497 2488 conversation
505 2439 531 2486 in
543 2438 696 2487 affirmative
747 2439 875 2496 however,
905 2440 1008 2505 equally
1039 2440 1159 2503 helpless.
1214 2441 1250 2490 In

200 2522 331 2566 auswers3
348 2505 381 2554 cf.
395 2506 477 2554 Plaut.
490 2506 529 2554 M.
545 2507 573 2554 G.
586 2519 633 2570 337
649 2507 695 2554 ΡΑ.
747 2505 788 2555 his
801 2506 924 2569 province
944 2508 977 2554 D.
1000 2507 1094 2556 Brutus
1115 2507 1167 2555 had
1184 2507 1251 2557 like

200 2575 298 2636 Nempe
305 2580 333 2621 tu
342 2574 397 2620 istic
405 2574 445 2620 ais
455 2586 506 2620 esse
513 2574 600 2620 erilem
611 2588 697 2622 cancu-

200 2641 308 2689 binam?
337 2639 381 2688 Sc.
393 2640 477 2702 Atque
487 2655 568 2702 arguo
583 2655 638 2688 eam
657 2654 698 2687 me

199 2708 291 2755 vidisse
309 2707 461 2755 osculantem
482 2707 524 2754 bic
546 2708 616 2754 intres
638 2722 695 2754 cum

199 2775 284 2823 aliena
294 2775 351 2822 aira
358 2788 369 2829 ,·
386 2773 446 2820 ibid.
459 2771 507 2837 368
522 2774 571 2821 ΡΗ.
587 2774 646 2822 Tun
657 2789 697 2821 me

200 2841 307 2889 vidisti?
354 2840 397 2889 Sc.
421 2840 505 2903 Atque
526 2840 568 2887 bis
594 2841 695 2902 quidem

200 2908 282 2955 hercle
294 2907 462 2956 aculis—ut
476 2941 482 2954 .
496 2941 503 2955 .
517 2941 524 2954 .
537 2919 632 2970 neque
646 2941 653 2954 .
667 2941 696 2956 ..

200 2988 306 3038 neque:
323 2973 365 3021 for
377 2989 420 3021 ne.
432 2980 519 3022 ..aut.
530 3007 536 3020 .
546 2979 611 3021 .aut.
632 2972 698 3021 Hof-

201 3055 281 3089 mann
293 3054 428 3103 compares
441 3041 513 3088 Fam.
527 3053 550 3104 q
564 3053 586 3087 2.
601 3046 658 3104 3ut
667 3056 696 3088 ea

200 3122 264 3171 quae
285 3108 425 3170 agebantur
443 3107 485 3155 bic
504 3121 617 3171 quaeque
636 3107 697 3154 dice·

200 3176 295 3223 bantur
311 3190 354 3222 nec
371 3174 481 3222 viderem
500 3189 544 3221 nec
559 3174 676 3223 audirem
684 3188 696 3231 ;

200 3243 253 3290 Att.
269 3253 358 3305 15.13.
374 3253 383 3287 1
400 3241 530 3289 adsentiar
546 3241 593 3288 tibi
608 3247 638 3288 ut
654 3255 698 3287 nec

200 3309 273 3358 duces
284 3309 364 3355 simus
377 3323 421 3356 nec
431 3322 522 3371 agmen
531 3321 655 3369 cogamus.
664 3335 697 3343 —

200 3375 405 3438 ex'praetura:
423 3375 461 3422 ie.
479 3379 506 3421 at
523 3371 569 3421 the
587 3373 656 3422 close
669 3372 697 3420 of

199 3441 244 3490 the
257 3457 363 3506 year—
375 3448 475 3489 auctor
498 3447 530 3489 ut
549 3474 555 3488 .
570 3474 597 3488 ..
617 3453 697 3488 corn-

200 3508 300 3558 mittas
312 3526 317 3556 :
335 3507 378 3555 for
387 3507 498 3556 another
509 3506 697 3563 construction,

199 3590 244 3624 see
257 3575 305 3637 Ep.
319 3574 401 3622 XLV.
415 3587 438 3637 3.

235 3655 257 3689 2.
277 3639 449 3690 Decimum:
464 3639 589 3688 Decimus
602 3639 698 3687 Brutus

747 2573 809 2621 wise
849 2573 917 2622 been
954 2573 1119 2622 inactive.—
1132 2582 1250 2636 oportu-

747 2639 839 2688 isset:
852 2640 917 2703 fieri
938 2639 960 2688 is
981 2639 1099 2696 omitted,
1117 2655 1147 2689 as
1171 2640 1249 2690 often

749 2706 809 2754 with
828 2712 928 2769 oportet,
942 2713 1029 2769 potest,
1046 2708 1113 2763 solet,
1126 2714 1187 2766 etc.;
1210 2707 1248 2757 cf.

749 2772 809 2821 Brix
823 2788 857 2821 on
871 2772 953 2821 Plaut.
972 2774 1045 2821 Trin.
1057 2786 1123 2840 7053
1143 2775 1250 2823 Lorenz

748 2855 783 2887 on
796 2839 835 2887 M.
854 2841 883 2889 G.
897 2852 1180 2904 252.—quemquarn
1194 2875 1201 2888 .
1215 2875 1249 2889 ..

748 2906 844 2970 tangi:
857 2921 873 2954 a
892 2913 982 2955 covert
1002 2906 1131 2955 reference
1151 2913 1180 2954 to
1200 2907 1250 2956 the

749 2972 859 3022 mistake
888 2972 915 3021 in
944 2981 991 3021 not
1013 2972 1106 3036 killing
1128 2974 1248 3039 Antony.

749 3039 791 3088 Cf.
811 3041 884 3088 Fam.
908 3053 989 3100 12.-4.
1010 3052 1020 3087 1
1043 3041 1131 3089 vellem
1156 3041 1250 3090 Idibus

748 3107 856 3155 Martiis
874 3122 914 3155 me
930 3108 968 3154 ad
982 3123 1068 3155 cenam
1089 3108 1136 3169 (ie.
1152 3113 1181 3154 to
1199 3107 1249 3156 the

749 3172 853 3222 murder
864 3172 893 3221 of
905 3172 1014 3237 Caesar)
1027 3175 1175 3222 invitasses:
1188 3175 1250 3221 reli-

748 3242 870 3303 quiarum
889 3240 960 3288 nibil
973 3241 1076 3304 fuisset.
1111 3241 1191 3288 Nunc
1205 3256 1249 3289 me

749 3308 871 3370 reliquiae
900 3313 999 3355 vestrae
1026 3313 1146 3355 exercent.
1195 3306 1249 3356 See

748 3373 805 3422 also
829 3374 901 3421 Fam.
928 3386 966 3420 10.
990 3373 1029 3421 28.
1056 3386 1076 3420 1.
1119 3373 1200 3436 tangi
1223 3373 1249 3424 is

749 3439 919 3502 euphemistic
939 3439 981 3488 for
1004 3441 1188 3490 occidi-tua
1207 3440 1249 3489 fa-

749 3506 887 3555 miliaris:
916 3507 954 3554 ie.
979 3507 1249 3556 Servilia-nemi-

748 3587 828 3622 nem:
843 3589 875 3621 sc.
888 3575 1121 3636 dicentem-ego
1131 3587 1248 3636 repres-

750 3639 775 3688 si
787 3656 792 3686 :
810 3656 842 3687 sc.
852 3655 898 3696 me,
908 3655 938 3687 or
950 3639 1062 3702 perhaps
1071 3639 1132 3688 with
1146 3639 1247 3690 B'ockel
1284 3685 1288 3690 .

199 3705 253 3754 had
269 3705 360 3754 shown
376 3706 481 3754 himself
498 3705 605 3753 without
622 3706 698 3768 plans
749 3721 813 3769 quae
830 3707 945 3754 dicturus
962 3723 1040 3755 eram
1088 3706 1161 3755 With
1180 3707 1247 3755 such

200 3769 253 3819 an'd
266 3770 373 3820 without
391 3787 486 3836 energy
498 3772 523 3819 in
541 3771 584 3819 the
600 3771 697 3820 critical
749 3785 765 3819 a
783 3771 879 3835 phrase
897 3772 942 3820 the
958 3773 1089 3822 reference
1108 3772 1195 3822 would
1214 3773 1249 3824 be
