2814 4330
239 301 276 356 es
583 305 752 356 c1cnnos
778 307 952 355 uermes
1136 305 1199 370 [sp
1212 308 1304 357 xnn

240 472 385 556 denique
408 493 509 556 quern
533 472 688 538 nolebam
714 493 783 536 non
806 474 1000 548 defendere,
1024 484 1097 536 tum
1120 494 1200 536 vero
1226 475 1302 538 hoc

241 591 393 664 tempore
403 581 473 646 vita
488 581 623 646 nullast.
673 582 794 665 Neque
809 583 899 646 enim
914 583 1063 646 fructum
1080 583 1184 675 ullum
1200 582 1298 646 labo

241 689 287 754 ris
299 699 469 773 exspecto,
482 699 517 753 et
531 710 634 772 cogor
645 711 896 774 nonnumquam
912 691 1065 757 homines
1082 711 1148 752 non
1161 691 1300 772 optime

240 798 284 862 de
299 818 353 862 me
368 798 514 874 meritos,
533 808 652 882 rogatu
669 819 784 862 eorum
800 800 859 882 qui
881 801 969 862 bene
992 800 1104 862 meriti
1126 809 1217 873 sunt,
1237 801 1300 863 de-

209 905 388 978 §tendere
431 907 549 990 Itaque
565 927 690 990 quaero
706 927 823 970 causas
839 908 946 972 omnis
962 908 1139 991 aliquando
1155 907 1300 971 vivendi

240 1015 403 1080 arbitratu
419 1035 504 1091 meo,
522 1024 625 1099 teque
640 1025 675 1079 ct
693 1015 791 1079 istam
813 1016 976 1079 rationem
1000 1016 1048 1078 oti
1064 1016 1113 1079 tui
1130 1027 1164 1078 et
1188 1016 1298 1079 laudo

240 1123 459 1188 vehementer
475 1133 509 1188 et
524 1125 639 1207 probo,
654 1125 811 1208 quodque
827 1144 889 1187 nos
904 1125 1015 1187 minus
1030 1125 1206 1198 intervisis,
1225 1125 1297 1188 hoc

239 1231 314 1296 lero
332 1233 442 1296 animo
466 1233 631 1316 aequiore,
650 1233 749 1316 quod,
768 1233 797 1296 si
822 1233 949 1296 Romae
975 1253 1076 1308 esses,
1095 1237 1208 1295 ta'men
1233 1253 1296 1295 ne-

240 1360 306 1424 que
330 1361 392 1406 nos
408 1341 520 1424 lepore
535 1350 596 1405 tuo
612 1361 724 1424 neque
739 1351 774 1405 te
786 1380 830 1388 -
842 1342 871 1404 si
885 1342 943 1423 qui
958 1351 1010 1404 est
1034 1342 1067 1403 in
1091 1361 1202 1403 me-
1213 1361 1296 1404 meo

146 1447 150 1456 '
240 1448 307 1514 lrui
338 1449 452 1514 liceret
485 1459 622 1533 propter
650 1449 900 1514 molestissimas
925 1450 1161 1532 occupationes
1184 1469 1293 1512 meas.

242 1557 374 1642 Quibus
397 1559 427 1623 si
449 1577 503 1622 me
526 1558 820 1622 relaxaro—nam
844 1568 882 1620 ut
905 1557 1003 1641 plane
1028 1558 1193 1620 exsolvam
1219 1577 1293 1620 non

241 1666 485 1750 postulo,-te
500 1667 617 1749 ipsum,
636 1667 693 1749 qui
708 1666 832 1729 multos
855 1686 962 1729 annos
987 1666 1067 1728 nihil
1089 1666 1176 1728 aliud
1201 1686 1294 1728 corn-

241 1775 409 1851 mentaris,
435 1776 563 1839 docebo
591 1775 743 1858 prolecto
772 1771 856 1857 quid
879 1775 921 1838 sit
951 1774 1139 1838 humaniter
1165 1774 1290 1838 vivere.

241 1883 295 1948 Tu
310 1883 409 1947 modo
426 1883 523 1947 istam
540 1883 803 1948 imbecillitatem
820 1883 1019 1946 valetudinis
1040 1892 1119 1946 tuae
1134 1892 1293 1945 sustenta

241 2001 275 2056 et
292 2001 396 2067 tuere,
409 2001 446 2055 ut
463 1992 555 2067 lacis,
570 2001 608 2055 ut
624 2000 755 2056 nostras
773 1991 866 2055 villas
883 1991 975 2070 obire
991 2001 1025 2054 et
1042 1999 1172 2054 mecur'n
1189 1990 1291 2054 simul

207 2107 224 2160 6
240 2099 396 2164 lecticula
411 2119 609 2164 concursare
625 2100 740 2182 possis.
790 2099 886 2164 Haec
902 2100 943 2163 ad
961 2108 996 2162 te
1012 2098 1161 2182 pluribus
1177 2099 1290 2162 verbis

240 2206 358 2290 scripsi
374 2228 473 2292 quam
490 2208 591 2283 soleo,
609 2227 676 2271 non
694 2207 742 2270 oti
765 2208 977 2283 abundantia,
997 2207 1056 2271 sed
1072 2207 1191 2271 amoris
1208 2194 1291 2289 erga

240 2325 285 2393 tc,
303 2317 392 2401 quod
416 2335 470 2380 me
494 2316 636 2400 quadam
662 2316 804 2399 epistula
829 2316 1059 2391 subinvitaras‚
1079 2316 1106 2379 si
1130 2316 1289 2378 memoria

240 2433 346 2501 tenes,
366 2433 403 2489 ut
427 2425 469 2488 ad
493 2433 528 2488 te
551 2424 673 2508 aliquid
699 2425 860 2488 eiusmodi
886 2425 1064 2488 scriberem
1087 2443 1153 2506 quo
1177 2423 1288 2486 minus

240 2541 276 2598 te
299 2533 532 2617 praetermiSse
556 2532 651 2596 ludos
680 2533 876 2615 paeniteret.
932 2532 1032 2616 Quod
1056 2532 1084 2596 si
1107 2532 1288 2595 adsecutus

240 2661 324 2717 sum,
342 2642 487 2726 gaudem
513 2640 564 2705 sin
581 2641 700 2717 minus,
719 2641 782 2704 hoc
802 2661 856 2704 me
880 2651 992 2704 tamen
1018 2640 1179 2715 consolor,
1198 2641 1288 2739 quod

240 2779 336 2834 defend
349 2781 460 2832 Catillne
473 2781 498 2831 in
516 2780 548 2847 65
563 2793 623 2842 B.c.;
641 2781 674 2831 cf.
687 2783 736 2846 Ep.
791 2783 842 2847 ally
853 2782 925 2845 gives
940 2797 972 2830 an
991 2781 1093 2831 archaic
1110 2781 1234 2844 coloring,
1248 2782 1285 2830 i.e.

241 2849 277 2898 11.
293 2862 396 2900 1.-ro
418 2856 467 2899 stu
484 2861 601 2898 eorum:
620 2863 649 2897 as
663 2848 738 2898 when
791 2847 836 2898 the
851 2849 883 2898 de
899 2850 937 2897 Re
954 2849 1060 2898 Publica
1079 2847 1130 2896 and
1154 2847 1198 2896 the
1218 2848 1286 2896 Oeco

239 2863 417 2966 hedeiended
430 2915 549 2964 Vatinius
562 2915 588 2963 in
603 2927 633 2981 54
646 2927 696 2964 uc.
710 2922 737 2964 at
790 2917 912 2965 nomicus.
947 2915 1012 2963 This
1025 2913 1122 2978 ending
1135 2913 1243 2962 became
1254 2929 1285 2963 so

240 2981 737 3048 therequestoICaesar(Fam.1.9.19)‚
790 2997 912 3031 common
925 2982 951 3030 in
966 2981 1148 3031 ecclesiastical
1167 2981 1243 3028 Latin
1257 2995 1285 3029 as

240 3047 367 3112 although
380 3047 413 3098 he
428 3046 481 3098 had
499 3048 604 3114 bitterly
616 3047 738 3098 attached
790 3056 818 3097 to
831 3048 917 3097 crowd
929 3056 976 3096 out
987 3065 1017 3096 -e.

240 3114 294 3166 him
312 3115 337 3164 in
355 3130 388 3166 an
406 3114 507 3164 oration
527 3113 659 3165 delivered
677 3116 738 3180 only
823 3114 846 3164 6.
869 3117 942 3164 haec
956 3150 963 3163 .
977 3150 983 3163 .
998 3149 1004 3163 .
1018 3114 1137 3178 scripsi:
1152 3113 1284 3176 apologies

240 3190 291 3231 two
303 3196 377 3247 years
396 3181 493 3232 before.
789 3190 816 3231 at
828 3181 973 3231 theendof
984 3196 1000 3229 a
1011 3182 1087 3230 letter
1098 3181 1183 3229 forits
1196 3181 1283 3243 length

275 3261 295 3314 5.
314 3248 489 3299 humaniter:
514 3247 625 3299 adverbs
643 3249 668 3298 in
680 3251 739 3298 -iter
789 3264 832 3298 are
844 3264 875 3297 so
887 3264 1009 3297 common
1022 3263 1051 3296 as
1064 3256 1091 3295 to
1104 3245 1216 3295 indicate
1229 3247 1284 3295 that

239 3315 307 3366 from
319 3313 462 3380 adjectives
473 3315 499 3364 in
512 3331 552 3364 ·us
564 3330 607 3365 are
624 3316 739 3379 peculiar
790 3315 834 3364 the
852 3315 978 3380 etiquette
996 3314 1025 3362 of
1041 3313 1227 3376 letter-writing
1244 3328 1284 3376 ap

238 3382 264 3432 ln
278 3381 330 3432 this
342 3381 433 3447 period
452 3391 479 3430 to
495 3381 636 3446 colloquial
653 3383 737 3431 Latin.
789 3381 888 3445 proved
900 3381 930 3430 oi
946 3382 1025 3438 thern,
1039 3378 1182 3444 regardless
1195 3380 1224 3428 ot
1241 3380 1283 3428 the

241 3449 271 3498 ln
284 3447 378 3499 Cicero
391 3448 420 3498 oi
438 3449 512 3498 these
529 3449 685 3498 formatioris
701 3463 738 3498 we
789 3449 877 3512 length
891 3447 920 3496 of
931 3448 976 3497 the
992 3447 1091 3511 epistle.
1120 3446 1161 3494 cf.
1174 3447 1245 3495 close
1256 3447 1284 3494 ot

239 3513 293 3566 lind
310 3515 373 3582 only
389 3516 490 3564 naviter
504 3516 563 3580 (Ep.
583 3515 688 3564 XVIII.
702 3515 737 3579 3),
790 3516 838 3577 Ep.
872 3514 1017 3563 XXXVII.
1029 3542 1063 3550 —
1081 3513 1282 3572 subinvitaras,

233 3582 355 3647 fimiter,
374 3582 523 3632 humaniter
540 3581 593 3632 and
615 3581 650 3631 its
670 3596 738 3630 com·
784 3597 837 3644 you
855 3583 909 3630 had
923 3582 1018 3630 hinted.
1060 3580 1098 3644 Cf
1121 3580 1282 3636 subrusticus,

238 3648 359 3713 pounds;
384 3646 436 3699 and
460 3649 534 3698 these
556 3647 639 3698 forms
660 3663 738 3697 occur
790 3649 838 3711 Ep.
852 3648 956 3696 XVIII.
970 3661 978 3694 1
994 3654 1100 3696 n.-ut
1114 3681 1120 3694 .
1136 3681 1142 3694 .
1158 3681 1164 3694 .
1178 3646 1282 3695 scribe·

238 3715 300 3782 only
316 3715 343 3764 ln
362 3714 406 3766 the
426 3716 528 3766 Letters
547 3714 599 3764 and
615 3715 641 3763 in
661 3715 737 3763 those
789 3727 859 3773 rem,
878 3721 938 3762 etc:
963 3714 1055 3762 Cicero
1079 3728 1122 3760 ma
1156 3712 1282 3761 therefore

239 3779 355 3848 vrrltings
365 3787 393 3832 to
403 3779 487 3832 vhlch
498 3781 591 3832 Cicero
601 3780 738 3831 intention·
790 3779 858 3830 bave
874 3778 1046 3844 exaggerated
1063 3778 1104 3828 his
1136 3778 1226 3829 'taste
1241 3776 1282 3827 for
