2814 4330
129 301 208 350 Fam.
221 315 245 350 2.
260 300 312 366 ιι]
478 303 645 353 CICERO'S
670 302 842 354 LETTERS.

444 520 611 585 xxxvl.
640 520 743 606 (Fam.
764 537 794 585 2.
817 523 881 606 11.)

191 693 232 742 M.
251 692 391 743 CICERO
415 693 490 742 ΙΜΡ.
509 693 535 742 S.
554 694 588 742 Ι).
607 693 643 742 M.
662 692 802 744 CAELIO
825 695 957 744 AEDILI
982 695 1129 746 CVRVLI.
1175 705 1180 712 '

180 827 370 890 Putaresne
401 848 559 910 umquam
591 826 744 892 accidere
774 848 874 911 posse
906 838 943 892 ut
976 829 1057 892 mihi
1080 832 1210 900 verbar

127 934 307 1009 deessent,
333 954 444 1018 neque
469 935 576 998 solum
604 935 669 998 ista
692 945 805 998 vestra
836 937 988 1012 oratoria,
1015 938 1075 1001 sed
1100 939 1182 1003 haec

130 1042 239 1106 etiam
269 1042 356 1106 levia
384 1042 571 1106 nostratia?
619 1044 754 1107 Desunt
782 1054 895 1108 autern
927 1054 1065 1127 propter
1096 1045 1181 1110 hanc

129 1171 285 1226 causam,
303 1152 391 1233 quod
415 1150 554 1215 mirifice
579 1171 652 1215 sum
677 1151 841 1223 sollicitus
860 1153 1019 1234 quidnam
1044 1155 1086 1217 de
1110 1175 1183 1237 pro-

130 1258 258 1322 vinciis
275 1258 482 1322 decernatur.
534 1259 658 1323 Mirum
679 1279 732 1323 me
748 1260 950 1323 desiderium
967 1271 1061 1324 tenet
1079 1263 1180 1337 urbis,

132 1365 335 1430 incredibile
352 1386 501 1430 meorum
519 1377 620 1450 atque
637 1367 671 1431 in
688 1367 804 1449 primis
827 1368 887 1444 tui,
907 1369 1047 1433 satietas·
1069 1379 1181 1434 autem

131 1473 340 1557 provinciae,
358 1475 412 1538 vel
434 1475 512 1560 quia
527 1475 678 1539 videmur
702 1496 776 1539 earn
799 1476 923 1539 famam
948 1479 1121 1542 consecuti
1145 1488 1182 1542 ut
1231 1473 1232 1476 '

132 1603 209 1647 non
237 1592 306 1647 tam
333 1583 482 1648 accessio
506 1584 696 1667 quaerenda
718 1604 818 1667 quam
842 1585 980 1649 fortuna
1003 1587 1184 1650 metuenda

133 1692 192 1768 sit,
211 1691 266 1755 vel
289 1691 368 1774 quia
391 1700 500 1757 totum
525 1692 698 1776 negotium
723 1712 790 1756 non
815 1702 867 1757 est
892 1693 1031 1776 dignum
1055 1695 1183 1759 viribus

133 1799 276 1890 nostris,
301 1800 359 1883 qui
386 1800 511 1864 maiora
538 1820 640 1864 onera
667 1801 701 1864 in
729 1820 765 1863 re
792 1801 925 1886 publica
953 1803 1120 1866 sustinere
1148 1813 1183 1867 et

133 1907 266 1992 possim
283 1918 317 1972 et
334 1908 468 1984 soleam,
485 1909 539 1973 vel
554 1909 632 1992 quia
648 1908 727 1972 belli
749 1909 863 1992 magni
879 1904 979 1973 timo'r
1000 1909 1181 1992 impendet,

134 2017 228 2101 quod
245 2017 396 2081 videmur
416 2017 567 2100 effugere
591 2018 618 2080 si
642 2018 683 2081 ad
708 2018 927 2082 constitutam
944 2018 1031 2081 diem
1048 2019 1184 2083 decede-

135 2146 223 2189 mus.
274 2126 328 2188 De
352 2125 532 2207 pantheris,
556 2145 615 2207 per
639 2145 697 2189 eos
721 2126 778 2208 qui
801 2125 915 2189 venari
940 2126 1048 2188 solent
1073 2126 1216 2209 agiture

175 2265 308 2316 XXXVI.
330 2250 429 2324 Cilicia,
439 2267 502 2330 Apr.
512 2280 536 2327 4,
548 2279 579 2332 50
589 2277 638 2315 sc.
682 2265 735 2330 fiee
745 2268 833 2328 capior
836 2268 947 2331 facetiis,
960 2268 1073 2316 manente
1089 2274 1185 2316 nostra·

140 2333 220 2384 Since
244 2333 291 2396 Ep.
310 2332 445 2381 XXXIII.
467 2347 519 2382 was
539 2332 639 2382 written
690 2334 761 2390 tt'bus,
773 2333 820 2395 Ep.
831 2332 1014 2392 LXVII.2;in
1028 2334 1183 2396 TusaDt'sp.

140 2399 250 2450 Caelius
273 2399 321 2448 has
344 2399 409 2448 been
433 2398 533 2449 elected
552 2400 639 2448 curule
693 2412 713 2465 5.
727 2413 766 2462 90,
777 2399 904 2463 speaking
915 2399 944 2448 of
958 2401 1059 2448 Roman
1072 2401 1185 2463 philoso-

139 2465 227 2517 aediie
241 2465 284 2530 (ci.
296 2466 383 2515 aedili
399 2465 510 2529 curuli),
523 2465 574 2514 and
592 2466 639 2515 has
689 2465 767 2528 phers
787 2481 816 2514 as
839 2465 958 2529 opposed
981 2475 1009 2514 to
1037 2467 1131 2523 Greek,
1151 2467 1185 2516 he

138 2532 250 2584 entered
262 2548 296 2581 on
309 2532 354 2580 the
363 2532 449 2582 duties
461 2532 490 2581 oi
501 2532 545 2581 the
558 2532 638 2582 office.
689 2533 753 2582 calls
766 2531 810 2581 the
827 2532 925 2582 former
942 2539 1065 2581 nostrates
1076 2534 1185 2595 philoso

179 2613 200 2648 r.
224 2607 256 2649 ut
271 2599 351 2658 mihi,
364 2607 430 2648 etc:
448 2599 480 2649 cf.
493 2600 566 2647 Fam.
580 2614 602 2659 4.
614 2613 637 2660 4.
684 2600 741 2661 phi.
779 2599 836 2648 The
858 2614 968 2662 passage
991 2599 1013 2648 is
1036 2599 1184 2662 important,

139 2665 640 2782 ttti'tlthmtl‘tttttttttt
689 2664 1185 2797 hli‘lhtlttittitionis

139 2800 281 2850 admodum
306 2801 403 2862 inopem
426 2800 639 2862 agnosca-ista
691 2799 766 2847 Latin
785 2798 819 2863 by
831 2799 876 2848 the
893 2797 950 2848 side
967 2798 997 2847 of
1012 2814 1029 2848 a
1046 2813 1118 2847 more
1135 2798 1186 2848 ior-

139 2873 241 2916 vestra
263 2866 397 2925 oratoria,
418 2867 450 2930 of
466 2882 520 2930 you
542 2872 640 2914 orators
690 2866 742 2913 mal
760 2865 894 2930 language.
931 2865 972 2914 Cf.
987 2866 1044 2915 also
1063 2866 1126 2913 lntr.
1144 2880 1184 2927 71.

138 2935 211 2982 there
222 2934 251 2980 in
264 2934 349 2980 Rome.
382 2932 509 2982 Caelius's
520 2932 639 2995 strength
689 2934 903 2982 -decernatur
914 2949 920 2980 z
938 2932 1031 2981 Cicero
1046 2932 1116 2981 iears
1128 2933 1185 2981 that

138 2999 341 3064 asalawyerla
368 2999 394 3048 in
406 2998 447 3048 his
459 2998 519 3048 skill
531 3000 556 3047 in
569 3014 640 3062 pros
690 2999 731 3047 his
755 3007 819 3047 term
843 2998 872 3046 of
894 2999 969 3048 office
992 3014 1051 3063 may
1074 2997 1107 3048 be
1129 3014 1186 3061 pro·

139 3065 263 3125 ecution3
281 3065 314 3115 ct.
333 3015 424 3126 duint
442 3065 465 3114 6.
484 3079 506 3130 3.
522 3065 556 3128 69
572 3067 638 3116 idem
690 3065 1018 3128 longed-desiderium
1037 3065 1134 3115 urbis:
1152 3065 1185 3115 ci.

141 3132 261 3198 (Cicero)
280 3140 332 3195 per
354 3133 503 3195 allegoriam
521 3133 560 3181 M.
582 3134 640 3182 Cae·
690 3135 714 3180 ri
730 3138 807 3194 poter,
825 3139 881 3190 etc,
901 3133 949 3195 Ep.
971 3132 1061 3179 XVII.
1086 3146 1186 3180 an.-

139 3201 216 3255 Ia'um,
241 3200 334 3248 melius
361 3200 503 3247 obicientem
527 3201 639 3249 crimina
691 3199 816 3248 fortuna:
835 3199 871 3246 ie.
885 3199 1012 3262 achange
1028 3198 1057 3246 oi
1072 3198 1184 3247 fortune.

139 3281 220 3332 quam
250 3267 432 3331 defendentem,
460 3267 550 3315 bonam
582 3266 640 3314 dex·
690 3265 809 3315 -belli:
826 3281 858 3313 sc.
871 3265 932 3314 with
945 3265 990 3314 the
1003 3265 1146 3314 Parthians.

140 3341 220 3388 tram,
233 3333 329 3381 malam
348 3333 483 3381 sinistram
502 3333 593 3382 habere
603 3333 640 3380 dt'·
725 3347 747 3380 2.
756 3332 916 3395 pantheris,
924 3339 983 3380 eto:
993 3331 1108 3380 Cicero’s
1115 3332 1187 3396 reply

140 3399 258 3450 cetat-
267 3398 341 3447 levin
354 3399 512 3448 nostratia:
532 3398 595 3448 used
611 3397 640 3447 of
691 3406 719 3447 to
725 3399 769 3448 the
778 3407 870 3462 urgent
878 3397 929 3448 and
939 3397 1060 3460 repeated
1068 3406 1186 3462 requests

141 3464 188 3514 the
208 3463 355 3514 discussion
374 3464 404 3512 oi
425 3465 537 3514 familiar
556 3465 640 3527 topics
690 3466 718 3514 of
748 3465 860 3520 Caelius,
882 3465 986 3528 gravely
1015 3464 1131 3514 couched
1161 3464 1187 3513 in

141 3530 290 3580 inranuliar
299 3531 494 3594 language‚and
503 3532 641 3597 especially
691 3532 784 3581 official
795 3532 931 3594 language,
942 3546 971 3580 as
986 3530 1007 3579 if
1024 3530 1068 3579 the
1081 3539 1187 3594 capture

142 3597 173 3647 of
195 3597 240 3646 the
262 3613 345 3647 sermo
367 3599 515 3648 cottidianus.
566 3598 640 3647 Thus
691 3598 720 3646 oi
743 3599 817 3647 these
837 3597 961 3660 panthers
984 3596 1037 3645 had
1054 3597 1120 3645 been
1143 3597 1187 3646 the

144 3663 246 3722 CicerO,
254 3663 330 3713 while
338 3664 502 3728 recognizing
512 3665 556 3714 the
564 3665 640 3713 value
691 3673 760 3714 most
772 3664 872 3714 serious
884 3663 972 3728 object
985 3664 1014 3712 oi
1031 3663 1071 3712 his
1086 3664 1188 3725 provin-

143 3730 174 3780 of
191 3730 279 3780 Greek
290 3731 400 3789 culture,
413 3730 487 3789 adds,
497 3748 539 3795 ego
555 3738 639 3780 autem
691 3730 740 3780 cial
752 3729 969 3780 administration.
997 3727 1037 3778 Cf.
1047 3730 1103 3779 also
1118 3732 1188 3778 Octa-

143 3798 312 3847 -exntimes
327 3799 386 3846 licet
400 3798 641 3862 quidlibet-miri-
691 3799 739 3854 vio,
758 3797 805 3860 Ep.
828 3796 942 3844 XXXV.
961 3809 989 3843 21
1009 3811 1035 3844 n.
1047 3823 1080 3831 —
1092 3796 1187 3859 agitur
