2780 4332
221 252 272 303 266
562 256 583 306 C
589 257 729 306 lCERO'S
755 256 927 304 LETTERS.
1113 254 1176 319 [Ep.
1193 255 1265 304 XCI.

190 449 203 503 5
221 420 321 485 animi
338 422 404 485 mei
420 423 518 487 fracti
538 423 763 488 communium
783 423 990 487 miseriarum
1011 423 1127 486 metu?
1178 423 1267 484 Tan-

221 529 297 593 dem
326 530 502 614 aliquando
532 533 660 595 Romae
692 552 767 595 esse
798 531 978 614 coepimus.
1029 530 1120 614 Quid
1153 530 1266 594 defuit

221 648 355 702 nostrae
371 640 610 704 familiaritati?
660 641 699 703 In
716 640 866 704 maximis
885 640 984 704 rebus
1001 660 1145 724 quonam
1164 641 1267 702 modo

220 766 370 829 gererem
395 769 448 812 me
465 750 623 813 adversus
640 748 816 813 Caesarem
834 769 915 812 usus
935 758 994 811 tuo
1019 748 1159 812 consilio
1179 768 1264 822 sum,

221 854 255 917 in
282 855 417 938 reliquis
445 856 564 921 officio.
614 857 678 922 Cui
706 867 743 920 tu
772 857 928 931 tribuisti,
948 866 1087 940 excepto
1105 855 1264 930 Caesare,

220 974 352 1045 praeter
368 985 422 1028 me
439 975 474 1029 ut
492 967 627 1029 domum
638 966 821 1029 ventitares
839 966 1004 1048 horasque
1023 965 1145 1028 multas
1163 985 1267 1046 saepe

221 1072 415 1137 suavissimo
440 1094 594 1138 sermone
618 1084 970 1138 consumeres-tum
996 1094 1071 1137 cum
1095 1073 1210 1148 etiam,
1237 1073 1267 1136 si

220 1181 410 1257 meministi,
441 1192 478 1245 ut
506 1183 588 1247 haec
622 1179 893 1264 φιλοσοφούμενα
926 1183 1104 1246 scriberem
1141 1191 1178 1245 tu
1211 1200 1267 1244 me

220 1290 401 1372 impulisti?
462 1291 539 1355 Post
574 1291 726 1356 Caesaris
759 1292 903 1355 reditum
942 1291 1019 1374 quid
1052 1289 1113 1353 tibi
1146 1289 1267 1353 maiori

221 1418 318 1476 curae
350 1399 536 1481 tunquam
570 1410 607 1462 ut
632 1420 740 1464 essem
766 1420 829 1482 ego
857 1398 904 1462 illi
927 1419 1026 1482 quam
1050 1397 1267 1461 familiarissi-

187 1507 319 1570 6mus?
369 1507 467 1590 Quod
492 1508 663 1571 effeceras.
726 1507 895 1590 Quorsum
923 1507 1025 1590 igitur
1048 1508 1131 1570 haec
1156 1507 1267 1570 oratio

221 1615 352 1698 longior
375 1636 473 1698 quam
499 1617 674 1697 putaram?
724 1616 812 1699 Quia
836 1637 909 1680 sum
938 1615 1120 1679 admiratus
1143 1626 1188 1690 te,
1207 1615 1267 1698 qui

221 1724 302 1788 haec
331 1745 431 1788 nosse
452 1726 600 1800 deberes,
619 1725 797 1808 quicquam
820 1745 914 1788 ame
937 1725 1150 1789 commissum
1174 1724 1266 1806 quod

221 1843 311 1896 esset
336 1833 481 1897 alienum
504 1842 618 1896 nostra
636 1834 782 1898 amicitia
809 1834 990 1898 credidisse
998 1853 1006 1910 ;
1030 1853 1107 1896 nam
1131 1845 1268 1915 praeter

222 1941 302 2006 haec
340 1962 423 2024 quae
456 1943 722 2017 commemoravi,
756 1963 841 2026 quae
881 1952 1006 2006 testata
1038 1951 1116 2005 sunt
1150 1950 1184 2005 et
1219 1941 1267 2003 in-

221 2050 347 2125 lustria,
395 2051 501 2114 habeo
549 2051 654 2114 multa
698 2051 880 2115 occultiora
923 2070 1009 2134 quae
1049 2051 1104 2113 vix
1151 2049 1267 2113 verbis

221 2159 358 2241 exsequi
406 2179 550 2240 possum.
616 2159 739 2224 Omnia
782 2180 835 2223 me
876 2168 934 2223 tua
976 2159 1154 2233 delectant,
1204 2159 1266 2223 sed

221 2267 362 2330 maxime
399 2267 542 2330 maxima
580 2289 655 2330 cum
696 2269 779 2332 fides
820 2268 854 2331 in
902 2267 1048 2332 amicitia
1086 2265 1265 2331 consilium

220 2376 365 2458 gravitas
405 2376 605 2451 constantia,
644 2386 716 2440 tum
757 2377 850 2459 lepos
891 2376 1080 2440 humanitas
1119 2375 1265 2439 litterae.

187 2515 200 2564 7
221 2482 433 2566 Quapropter
445 2485 594 2547 —redeo
614 2505 704 2548 nunc
724 2486 764 2548 ad
786 2484 1074 2569 querelam-ego
1094 2494 1129 2547 te
1147 2483 1267 2546 suffra-

219 2592 309 2674 gium
335 2592 454 2656 tulisse
479 2593 512 2655 in
536 2592 591 2655 illa
613 2593 688 2676 lege
711 2593 852 2675 primum
873 2613 942 2657 non
965 2593 1105 2669 credidi;
1130 2591 1265 2667 deinde,

220 2701 248 2763 si
273 2701 497 2777 credidissem,
524 2721 706 2784 numquam
739 2701 772 2764 id
805 2701 877 2765 sine
901 2702 1012 2784 aliqua
1044 2701 1132 2764 iusta
1164 2721 1267 2764 causa

220 2809 442 2873 existimarem
462 2820 496 2873 te
515 2809 647 2874 iecisse.
699 2809 858 2893 Dignitas
878 2819 936 2873 tua
957 2809 1038 2874 facit
1060 2819 1096 2872 ut
1119 2809 1266 2872 animad-

219 3018 319 3067 clauses
331 3017 409 3066 stand
421 3033 451 3067 as
467 3016 644 3081 independent
661 3034 716 3069 sen·
767 3018 897 3068 reference
909 3026 937 3067 to
956 3019 1054 3068 Matius
1070 3017 1097 3067 in
1110 3033 1161 3083 any
1173 3033 1223 3067 one
1237 3017 1268 3067 of

220 3093 315 3134 tences.
351 3085 437 3134 These
462 3085 533 3134 three
558 3100 630 3134 cases
654 3101 715 3134 are:
768 3086 841 3135 these
875 3085 1092 3149 works.—-post
1128 3085 1266 3134 Caesaris

220 3159 353 3201 secutum
366 3151 435 3201 illud
448 3160 565 3215 tempus
576 3160 631 3207 est:
649 3152 717 3201 veni
768 3153 905 3202 reditum:
926 3152 952 3200 in
972 3151 1051 3214 Sept,
1069 3163 1101 3216 45
1120 3163 1179 3208 ne,
1198 3151 1268 3201 after

220 3219 419 3276 Brundisium,
443 3218 494 3266 and
517 3219 635 3268 tandem
655 3255 661 3268 .
682 3254 688 3268 .
708 3254 715 3268 .
768 3220 812 3268 the
824 3219 905 3268 battle
918 3219 947 3268 ot
959 3218 1065 3268 Munda.
1093 3218 1135 3267 Cf.
1147 3219 1211 3267 Intr.
1224 3232 1266 3283 35.

219 3286 619 3349 coepimus—communium
628 3287 717 3335 mise·
767 3285 909 3335 ——maiori
930 3299 1033 3335 curae:
1058 3285 1090 3334 cf.
1112 3287 1211 3334 minori
1226 3303 1267 3333 cu-

219 3353 339 3402 riarum:
363 3369 395 3400 sc.
416 3352 500 3401 which
525 3352 610 3401 would
635 3354 715 3402 result
767 3354 878 3416 rae‚Ep.
894 3352 1172 3415 XXV.2n.-quod
1191 3351 1267 3400 elfe-

218 3419 286 3468 from
299 3418 344 3467 the
356 3419 503 3467 overthrow
515 3418 544 3467 of
555 3420 599 3467 the
611 3428 686 3468 state.
727 3413 733 3424 ⁸
767 3432 849 3468 ceras
863 3437 868 3467 :
886 3437 917 3468 sc.
931 3419 1021 3468 before
1034 3419 1153 3467 Caesar's
1166 3427 1266 3466 return.

254 3497 275 3550 5.
293 3485 590 3549 tandemaliquando:
604 3486 629 3534 in
644 3487 714 3549 Sept.
800 3500 823 3546 7.
842 3486 890 3535 illa
907 3486 992 3550 lege:
1016 3484 1141 3550 probably
1159 3485 1205 3533 the
1222 3487 1267 3534 lex

218 3567 248 3613 47
264 3550 716 3617 n.c.;ct.1ntr.33.-4thwossot-
765 3553 795 3601 de
835 3555 1022 3615 permutatione
1056 3552 1267 3614 provinciarum,

218 3617 716 3742 ttattltlfftnlhlztffztta
765 3617 1269 3751 llttttttttittillrttlidtt

218 3749 418 3809 Disputationes,
428 3750 553 3812 although
567 3750 639 3799 there
649 3751 670 3799 is
679 3767 714 3800 no
767 3751 810 3816 (cf.
846 3754 939 3810 Ruete,
975 3753 1024 3800 Dic
1061 3752 1268 3816 Correspondem
