2814 4330
159 316 253 368 aaa.
266 317 302 384 a]
507 316 675 400 cronno’s
699 317 873 370 narrans.
1160 314 1209 370 let

498 594 624 660 xiv.
659 544 743 682 <Aa
762 597 792 661 a
812 595 857 682 3.)

485 770 624 820 CICERO
648 769 789 821 ATTICO
812 770 889 821 SAL

210 906 366 970 Maximis
384 915 417 969 et
434 905 631 969 miserrimis
649 904 749 970 rebus
765 905 991 988 perturbatus
1006 927 1082 970 cum
1096 927 1206 972 coram
1227 932 1237 967 1

161 1026 274 1080 tecum
300 1014 383 1077 mihi
407 1022 558 1097 potestas
578 1013 784 1077 deliberandi
808 1035 876 1077 non
901 1023 1001 1090 esset,
1020 1014 1069 1078 uti
1093 1024 1208 1079 tamen

162 1135 222 1188 tuo
240 1123 380 1188 consilio
396 1122 496 1188 volui.
546 1121 754 1186 Deliberatio
779 1131 890 1186 autem
914 1123 1023 1186 omnis
1040 1124 1122 1187 haec
1139 1133 1207 1188 est:
1263 1199 1271 1216 .

162 1232 193 1297 si
226 1232 404 1315 Pompeius
438 1231 535 1294 Italia
566 1231 672 1306 cedat,
702 1230 791 1313 quod
824 1251 899 1294 eum
932 1231 1099 1296 facturum
1132 1251 1207 1296 esse
1292 1248 1296 1254 ’

162 1340 324 1422 suspicor,
350 1341 430 1423 quid
455 1339 729 1424 mihiagendum
757 1348 880 1422 putes;
912 1349 945 1403 et
978 1361 1043 1423 quo
1075 1340 1207 1405 facilius

163 1449 340 1515 consilium
366 1450 445 1512 dare
468 1448 588 1531 possis,
609 1448 688 1531 quid
712 1448 747 1510 in
771 1458 947 1532 utramque
971 1459 1099 1531 partem
1126 1450 1207 1512 mihi

164 1559 198 1621 in
215 1567 363 1621 mentem
379 1557 492 1620 veniat
510 1557 681 1643 explicabo
706 1556 808 1621 brevi.
859 1556 944 1621 Cum
970 1558 1090 1622 merita
1115 1559 1208 1621 Pom·
1225 1583 1240 1618 2

163 1667 218 1749 pei
243 1687 374 1730 summa
398 1687 478 1748 erga
510 1666 652 1729 salutem
685 1685 793 1729 meam
822 1666 1098 1750 familiaritasque
1122 1688 1207 1749 quae

162 1775 246 1838 mihi
263 1795 338 1840 cum
355 1795 396 1838 eo
413 1784 475 1850 est,
493 1783 566 1837 tum
583 1774 656 1857 ipsa
672 1775 720 1838 rei
736 1774 890 1856 publicae
906 1796 1007 1839 causa
1030 1796 1084 1838 me
1108 1776 1207 1840 addu-

162 1885 219 1960 cit,
239 1893 276 1947 ut
294 1884 375 1946 mihi
392 1884 445 1947 vel
462 1883 638 1948 consilium
656 1903 767 1946 meum
784 1904 860 1948 cum
884 1883 972 1947 illius
997 1884 1137 1948 consilio
1154 1885 1206 1948 vel

160 1994 299 2057 fortuna
315 2013 389 2056 mea
406 2013 482 2057 cum
499 1991 587 2056 illius
611 1993 747 2056 fortuna
771 1993 1005 2075 coniungenda
1029 2012 1104 2056 esse
1120 1994 1207 2056 vide-

162 2112 246 2166 atur.
309 2100 453 2165 Accedit
481 2100 577 2165 illud:
610 2101 638 2164 si
666 2121 785 2164 maneo
818 2111 851 2165 et
884 2101 977 2164 illurn
1009 2102 1205 2184 comitatum

161 2211 364 2294 optimorum
385 2218 419 2273 et
444 2209 702 2274 clarissimorum
728 2210 849 2274 civium
873 2211 1001 2286 desem,
1020 2211 1205 2274 cadendum

161 2329 214 2384 est
232 2319 266 2383 in
284 2319 383 2383 unius
401 2327 614 2401 potestatem,
633 2319 690 2402 qui
707 2318 772 2382 etsi
788 2318 903 2382 multis
920 2319 1020 2382 rebus
1038 2319 1205 2401 significat

161 2449 198 2493 se
216 2428 314 2493 nobis
331 2447 407 2492 esse
424 2413 669 2492 amicum-et
686 2436 723 2490 ut
741 2436 832 2491 esset
848 2447 868 2490 a
884 2447 937 2490 me
954 2436 1016 2503 est,
1036 2437 1110 2491 tute
1127 2429 1203 2504 scis,

161 2547 299 2620 propter
330 2536 555 2619 suspicionem
588 2535 687 2600 huius
727 2535 953 2617 impendentis
993 2538 1205 2619 tempestatis

161 2649 268 2713 multo
295 2658 374 2712 ante
398 2648 759 2731 provisum-tamen
784 2658 963 2730 utrumque
995 2648 1205 2711 consideran-

160 2759 240 2821 dum
258 2766 319 2832 est,
339 2766 372 2820 et
390 2765 516 2840 quanta
540 2757 623 2820 fides
648 2756 678 2820 ei
703 2756 748 2819 sit
771 2756 925 2819 habenda
949 2765 992 2830 et,
1011 2756 1039 2818 si
1063 2756 1205 2820 maxime

161 2866 369 2949 exploratum
387 2865 430 2929 sit
448 2886 524 2930 eum
542 2865 638 2929 nobis
655 2865 799 2929 amicum
816 2864 897 2939 tore,
917 2865 1005 2927 sitne
1022 2865 1082 2926 viri
1107 2865 1204 2930 tortis

194 3024 278 3073 XLV.
303 3024 390 3082 Cales,
411 3023 473 3073 Feb.
495 3021 531 3081 18,
553 3037 585 3087 49
606 3035 656 3072 nc.
744 3037 765 3070 2.
785 3036 854 3086 erga
867 3022 992 3072 salutem
1005 3037 1116 3072 meam:
1133 3039 1165 3072 sc.
1177 3023 1204 3072 in

161 3091 255 3140 Cicero
266 3090 318 3139 had
330 3090 448 3140 received
464 3106 479 3138 a
495 3091 573 3139 letter
588 3089 657 3138 from
708 3089 813 3153 helping
821 3098 849 3137 to
856 3103 946 3138 secure
955 3089 995 3138 his
1003 3091 1078 3138 recall
1087 3090 1155 3138 from
1165 3106 1205 3138 ex-

161 3159 278 3222 Pompey
300 3157 362 3222 (Aa.
378 3156 401 3206 8.
429 3171 455 3205 11
476 3157 504 3220 Α)
531 3157 658 3220 directing
707 3156 948 3206 ite-uniusztc.
965 3159 1205 3220 Caesaris—pro-

159 3225 213 3274 him
227 3233 255 3273 to
266 3223 379 3288 proceed
392 3232 419 3273 to
433 3224 541 3274 Luceria
553 3232 579 3273 at
592 3239 656 3272 once
707 3224 819 3273 visum:
831 3224 858 3271 in
873 3222 904 3288 56
916 3235 966 3272 ac.
979 3224 1071 3272 Cicero
1084 3223 1136 3272 had
1153 3225 1205 3287 pla·

159 3291 211 3340 and
240 3291 297 3356 join
320 3290 364 3340 the
388 3290 463 3340 other
494 3291 656 3354 Pompeians.
708 3290 784 3339 cated
802 3291 900 3339 Caesar
918 3288 953 3355 by
970 3289 1148 3353 withdrawing
1165 3290 1205 3339 his

161 3359 205 3407 He
228 3357 393 3423 accordingly
409 3357 457 3407 left
482 3358 601 3406 Formiae
621 3373 657 3406 on
708 3357 858 3420 opposition
877 3364 905 3406 to
923 3356 1020 3405 certain
1038 3356 1067 3405 of
1086 3357 1204 3406 Caesar’s

161 3425 223 3474 Feb.
245 3438 272 3486 ¹7
294 3424 338 3488 (cf.
356 3427 407 3473 Att.
426 3423 449 3473 8.
471 3437 497 3472 11
519 3436 546 3473 D.
567 3423 657 3487 t)and
685 3424 825 3487 ¹agrarian
842 3423 905 3473 laws
923 3424 965 3486 (Q.
975 3424 1017 3488 fr.
1038 3422 1203 3488 2.6[8].2)‚

159 3491 296 3541 advanced
318 3500 345 3539 to
373 3492 458 3549 Cales,
481 3490 549 3540 from
573 3491 655 3540 which
708 3490 741 3556 by
753 3491 879 3554 speaking
890 3490 916 3538 in
929 3490 1005 3538 favor
1016 3489 1045 3538 of
1062 3499 1163 3553 agrant
1176 3490 1205 3539 of

158 3560 234 3622 place
244 3558 296 3607 this
305 3559 381 3607 letter
388 3573 440 3607 was
449 3558 557 3615 written,
567 3573 657 3622 appar·
708 3572 802 3622 money
811 3566 839 3606 to
850 3557 969 3606 Caesar's
979 3565 1069 3620 troops
1079 3558 1118 3620 (de
1127 3559 1203 3606 Pron.

159 3626 231 3690 ently
254 3625 280 3673 in
304 3625 349 3674 the
372 3625 445 3688 night
472 3624 501 3673 of
530 3624 592 3674 Feb.
619 3623 655 3672 18.
710 3626 784 3673 Cons.
806 3623 858 3688 28),
878 3624 913 3688 by
935 3624 1061 3687 extolling
1085 3625 1204 3674 Caesar's

160 3691 275 3753 Finding
291 3690 332 3740 his
349 3707 405 3755 way
419 3690 530 3740 blocked
548 3691 582 3756 by
594 3691 657 3740 Cae
707 3705 811 3740 success
827 3690 853 3739 in
872 3690 948 3746 Gaul,
961 3690 1012 3738 and
1030 3690 1064 3755 by
1076 3691 1205 3754 opposing

158 3759 224 3808 sar's
236 3766 335 3822 troops,
345 3757 378 3806 he
390 3757 483 3807 turned
494 3758 562 3807 back
577 3757 619 3875 bd·
629 3758 654 3821 7)
708 3757 753 3806 the
762 3756 920 3806 withdrawal
933 3756 962 3805 of
973 3773 988 3805 a
1001 3757 1123 3820 province
1134 3757 1204 3807 from

158 3824 275 3882 andwas
286 3824 313 3886 in
327 3825 445 3876 Formiae
454 3824 530 3892 again
544 3825 580 3874 Fe
600 3838 655 3874 .21.
708 3823 761 3872 him
782 3824 851 3888 (ibid.
872 3822 972 3888 17-35),
989 3822 1041 3871 and
1058 3823 1083 3871 in
1104 3837 1134 3889 54
1153 3837 1202 3874 nc.
