2814 4328
227 289 276 344 170
541 289 709 341 CICERO’S
734 289 908 342 LETTERS.
1095 289 1156 360 [Ep.
1169 291 1278 342 XLIX.

228 458 306 535 Sed,
331 466 369 523 ut
395 477 435 523 eo
463 465 615 541 tempore
641 475 709 520 non
735 458 833 521 modo
860 456 933 540 ipse
960 457 1073 522 fautor
1096 457 1276 542 dignitatis

226 577 305 632 tuae
320 567 379 644 fui,
398 587 512 631 verum
530 565 631 630 etiam
650 565 771 630 ceteris
788 575 904 630 auctor
920 567 962 630 ad
985 576 1020 630 te
1036 567 1275 644 adiuvandum,

227 676 276 740 sic
300 695 354 739 me
379 695 468 739 nunc
494 673 630 756 Pompei
654 673 801 757 dignitas
823 674 1042 738 vehementer
1064 684 1176 739 movet
1184 697 1193 753 ;
1216 676 1277 739 ali-

227 793 307 867 quot
332 784 421 846 enim
447 792 526 846 sunt
550 783 630 846 anni
658 803 733 847 cum
757 802 817 846 vos
845 782 911 846 duo
939 782 1050 866 delegi
1073 804 1156 866 quos
1181 804 1277 866 prae-

227 893 324 974 cipue
342 892 486 956 colerem
503 900 537 954 et
555 891 675 974 quibus
692 911 811 966 essem,
830 890 917 955 sicut
935 911 1019 968 sum,
1038 891 1275 958 amicissimus.

194 1037 209 1088 3
229 1001 456 1085 Quamobrem
473 1019 493 1062 a
513 1008 548 1063 te
572 1008 650 1082 peto
667 998 719 1064 vel
744 999 857 1081 potius
880 1000 1035 1064 omnibus
1058 1009 1094 1064 te
1117 1001 1277 1083 precibus

227 1129 285 1173 oro
303 1117 336 1172 et
353 1109 507 1172 obtestor
523 1117 559 1171 ut
577 1107 611 1170 in
629 1107 697 1171 tuis
716 1107 881 1182 maximis
894 1108 982 1172 curis
1007 1107 1130 1192 aliquid
1155 1108 1275 1190 imper-

227 1217 292 1281 tias
309 1216 470 1300 temporis
489 1215 568 1281 huic
584 1235 716 1299 quoque
740 1215 945 1299 cogitationi,
964 1226 1002 1280 ut
1025 1225 1084 1280 tuo
1109 1217 1277 1282 beneficio

131 1409 140 1418 ἢ
228 1327 335 1389 bonus
352 1326 411 1401 vir,
429 1334 554 1408 gratus,
573 1326 648 1407 pius
668 1324 812 1407 denique
828 1344 903 1388 esse
920 1324 952 1388 in
971 1325 1106 1388 maximi
1129 1326 1278 1391 benefici

227 1434 387 1497 memoria
408 1433 544 1516 possim.
594 1433 691 1516 Quae
715 1433 744 1496 si
768 1441 899 1495 tantum
924 1432 966 1496 ad
990 1453 1043 1496 me
1067 1432 1177 1515 ipsum
1203 1455 1279 1517 per-

227 1543 386 1617 tinerent,
406 1561 574 1623 sperarem
598 1561 652 1604 me
677 1561 697 1604 a
719 1549 755 1604 te
779 1550 892 1604 tamen
917 1540 1184 1623 impetraturum,
1204 1543 1275 1620 sed,

227 1660 271 1729 ut
282 1651 433 1726 arbitror,
452 1658 485 1712 et
503 1650 544 1712 ad
561 1658 652 1713 tuam
669 1649 768 1712 fidem
791 1657 824 1712 et
850 1649 891 1713 ad
915 1669 985 1713 rem
1010 1648 1177 1731 publicam
1203 1671 1278 1733 per·

227 1759 314 1822 tinet
343 1779 405 1834 me,
431 1767 464 1822 et
489 1757 580 1840 pacis
609 1767 642 1821 et
674 1757 848 1841 utriusque
875 1766 1023 1821 vestrum
1052 1757 1205 1834 amicum,
1233 1760 1278 1823 ad

227 1877 373 1931 vestram
391 1877 424 1930 et
445 1868 486 1930 ad
511 1866 633 1931 civium
655 1867 867 1931 concordiam
891 1887 950 1948 per
974 1875 1122 1948 tequam
1146 1887 1278 1931 accom-

229 1976 494 2039 modatissimum
527 1975 725 2039 conservari.
792 1975 875 2057 Eg0,
902 1995 978 2039 cum
1009 1984 1109 2038 antea
1141 1975 1204 2038 tibi
1233 1977 1278 2041 de

230 2085 376 2148 Lentulo
394 2083 518 2167 gratias
535 2083 690 2166 egissem,
709 2103 784 2147 cum
801 2083 832 2146 ei
849 2081 958 2158 saluti,
976 2082 1032 2166 qui
1049 2081 1131 2146 mihi
1149 2081 1275 2162 fuerat,

227 2193 361 2268 fuisses,
380 2202 451 2255 tum
468 2191 565 2255 lectis
590 2190 661 2254 eius
685 2189 808 2254 litteris
831 2211 913 2273 quas
937 2191 978 2254 ad
1003 2210 1057 2254 me
1080 2191 1277 2274 gratissimo

229 2301 340 2364 animo
366 2302 407 2364 de
435 2310 495 2363 tua
521 2298 720 2363 liberalitate
746 2299 976 2382 beneficioque
1004 2298 1105 2376 misit,
1131 2301 1276 2366 eandem

228 2430 282 2473 me
304 2409 444 2472 salutem
469 2429 488 2471 a
512 2417 546 2470 te
571 2407 742 2489 accepisse
767 2406 880 2489 putavi
896 2427 995 2490 quam
1020 2406 1091 2486 ille3
1115 2407 1149 2470 in
1173 2429 1276 2491 quem

229 2517 257 2581 si
274 2537 327 2580 me
345 2516 514 2598 intellegis
531 2536 606 2579 esse
623 2525 764 2598 gratum,
783 2535 871 2591 cura,
889 2515 1039 2592 obsecro,
1057 2525 1094 2578 ut
1114 2515 1214 2580 etiam
1239 2517 1275 2580 in

230 2626 423 2707 Pompeium
441 2646 515 2688 esse
533 2624 668 2706 possim.
753 2701 755 2704 Ι

229 2782 380 2845 consulship
393 2781 468 2831 while
485 2781 578 2830 absent
594 2781 662 2829 from
680 2781 725 2830 the
776 2779 892 2830 strained
912 2788 941 2829 to
959 2795 1056 2845 appear
1072 2789 1100 2830 at
1119 2782 1203 2832 Rome
1220 2782 1277 2832 and

229 2851 287 2915 city.
324 2849 365 2899 Cf.
385 2850 433 2912 Ep.
447 2849 535 2898 XLII.
547 2848 642 2897 introd.
654 2856 724 2906 note,
776 2847 837 2896 thus
849 2847 905 2896 lose
917 2863 960 2912 my
971 2849 1073 2897 neutral
1085 2849 1210 2912 position,
1220 2849 1276 2899 and

229 2916 280 2965 and
295 2917 357 2964 lutr.
371 2917 410 2964 26.
776 2915 837 2963 with
846 2914 867 2962 it
877 2929 920 2979 my
927 2914 1016 2979 ability
1024 2923 1051 2964 to
1061 2930 1151 2964 secure
1159 2931 1176 2964 a
1184 2931 1276 2980 peace

262 2997 285 3047 3.
298 2983 406 3046 aliquid
415 2982 565 3046 impertias
573 2982 724 3046 temporis:
775 2981 814 3030 ful
832 2982 946 3030 solution
968 2981 997 3029 of
1021 2980 1065 3030 the
1086 2992 1192 3045 present
1210 2982 1276 3032 diffi-

228 3050 271 3098 for
293 3050 408 3098 Cicero’s
435 3057 580 3098 comments
609 3064 644 3097 on
673 3049 725 3098 this
776 3047 939 3113 culty.-de
955 3048 1089 3097 Lentulo:
1108 3048 1202 3098 Cicero
1220 3049 1275 3098 had

229 3117 330 3180 phrase,
355 3131 398 3164 see
422 3119 473 3164 Att.
497 3115 521 3163 8.
546 3130 568 3178 9.
596 3123 725 3165 1.—tuo
776 3113 892 3163 thanlred
905 3114 1003 3162 Caesar
1013 3114 1040 3162 in
1056 3129 1072 3163 a
1089 3115 1211 3178 previous
1227 3116 1277 3166 let-

229 3183 387 3234 beneficio:
404 3200 435 3231 sc.
447 3183 474 3230 in
490 3189 535 3230 not
552 3182 654 3244 forcing
670 3182 723 3230 him
776 3181 872 3230 terior
890 3181 929 3228 his
947 3181 1095 3246 generosity
1106 3182 1133 3230 in
1151 3182 1276 3247 allowing

229 3259 257 3300 to
269 3251 327 3312 give
342 3265 375 3312 up
387 3249 427 3298 his
440 3249 585 3313 neutrality,
599 3247 650 3296 and
662 3247 723 3297 thus
777 3249 902 3297 Lentulus
916 3247 1047 3310 Spinther,
1059 3248 1118 3297 who
1135 3247 1187 3296 had
1204 3248 1276 3298 been

229 3318 345 3379 losinga
361 3316 458 3365 chance
476 3324 503 3364 to
522 3315 582 3378 help
602 3317 724 3380 Pompey.
775 3313 900 3377 captured
911 3321 938 3362 at
957 3314 1110 3371 Corfinium,
1123 3324 1152 3363 to
1163 3330 1199 3378 go
1209 3314 1276 3365 free.

228 3384 351 3448 -pius:
374 3400 405 3431 sc.
425 3383 450 3431 in
469 3381 657 3444 remembering
680 3382 725 3430 the
777 3382 829 3429 For
846 3381 966 3430 Caesar's
984 3381 1063 3446 reply‚
1081 3381 1218 3446 cf.Att.9.
1234 3383 1275 3432 16.

228 3450 292 3516 duty
309 3450 343 3498 he
364 3449 436 3498 owed
460 3457 488 3497 to
512 3449 552 3497 his
575 3447 620 3497 old
640 3447 724 3497 friend
776 3449 812 3497 At
841 3447 893 3496 this
922 3447 984 3510 time
1014 3448 1141 3497 Lentulus
1164 3463 1218 3498 was
1248 3457 1276 3498 at

201 3569 203 3574 ,
230 3519 352 3581 Pompey.
362 3545 395 3552 —
404 3517 439 3565 ad
452 3523 532 3566 tuam
545 3516 647 3565 fidem:
661 3515 725 3563 Cae·
777 3513 893 3574 Puteoli;
905 3514 938 3562 cf.
947 3516 1000 3561 Att.
1012 3527 1036 3577 9.
1049 3527 1087 3561 11.
1102 3527 1164 3562 1.—
1173 3514 1223 3578 qui
1234 3551 1240 3562 .
1251 3551 1277 3564 ..

228 3598 271 3632 sar
293 3582 404 3647 steadily
427 3581 586 3631 maintained
610 3582 668 3630 that
691 3581 724 3630 he
775 3580 885 3631 luerat:
903 3581 930 3628 in
940 3581 1278 3645 5713.c.Lentulusascon-

228 3649 330 3697 desired
348 3664 434 3712 peace.
446 3663 536 3712 -per
551 3657 580 3697 te
594 3683 599 3696 .
613 3683 619 3696 .
635 3660 725 3696 ‚con-
775 3648 815 3696 sul
829 3647 881 3696 had
893 3645 998 3696 worked
1013 3646 1056 3694 for
1067 3646 1182 3697 Cicero's
1195 3649 1277 3698 recall

228 3715 353 3764 servari:
373 3717 411 3763 ae.
431 3715 487 3764 that
512 3714 578 3763 Ibe
599 3721 645 3762 not
666 3729 725 3762 con·
774 3713 843 3762 from
855 3713 929 3762 exile.
965 3712 1006 3762 Ci.
1018 3713 1075 3762 also
1087 3713 1135 3777 Ep.
1149 3713 1226 3762 XIV.
1242 3729 1266 3764 2.
