2814 4328
154 312 229 362 Fam.
242 325 265 376 9.
279 310 316 377 8.]
499 309 668 360 CICERO'S
692 309 865 360 LETTERS.
1156 313 1206 367 239

154 478 364 543 intellexisse
382 477 461 542 mibi
477 478 633 555 videbar;
657 476 741 540 mihi
763 478 892 560 sumpsi
911 479 1070 544 Philonis.
1120 481 1205 546 Puto

153 589 227 652 fore
250 597 297 663 ut,
316 609 392 652 cum
417 586 548 670 legeris,
568 586 688 650 mirere
714 606 777 650 nos
803 586 835 650 id
860 586 991 651 locutos
1016 608 1092 653 esse
1116 589 1207 655 inter

154 718 217 760 nos
243 697 333 779 quod
358 716 540 779 numquam
572 693 677 760 locuti
701 715 838 772 sumus;
871 696 929 759 sed
962 697 1054 760 nosti
1078 718 1204 763 morem

153 804 372 888 dialogorum.
425 803 568 868 Posthac
592 812 714 880 autem,
733 803 779 866 mi
795 803 913 880 Varro,
932 824 1031 887 quam
1051 805 1202 887 plurima,
1224 831 1238 868 2

71 898 75 906 ⁴
154 915 184 978 si
210 914 352 989 videtur,
380 921 413 976 et
440 913 482 976 de
508 912 605 976 nobis
631 912 720 975 inter
746 932 817 989 nos,
844 932 919 976 sero
944 912 1107 992 fortasse;
1144 917 1204 980 sed

154 1023 366 1106 superiorum
390 1030 579 1104 temporum
603 1020 741 1085 fortuna
756 1021 806 1085 rei
822 1042 854 1103 p.
873 1041 1009 1085 causam
1026 1023 1202 1101 sustineat,

153 1132 239 1196 haec
264 1131 328 1213 ipsi
352 1140 522 1214 praestare
547 1130 719 1194 debemus.
771 1129 889 1213 Atque
920 1130 1049 1195 utinam
1081 1132 1203 1214 quietis

153 1240 366 1322 temporibus
383 1249 484 1323 atque
503 1238 625 1322 aliquo,
644 1238 673 1303 si
698 1259 766 1302 non
790 1238 889 1314 bobo,
907 1249 941 1302 at
966 1239 1085 1304 saltem
1110 1249 1203 1305 certo

155 1359 249 1414 statu
262 1348 408 1412 civitatis
425 1348 508 1413 haec
525 1348 614 1412 inter
629 1367 691 1412 nos
710 1347 822 1412 studia
837 1367 994 1412 exercere
1010 1351 1203 1432 possemus!

157 1459 369 1542 Quamquam
395 1467 468 1521 turn
495 1456 629 1540 quidem
653 1456 708 1520 vel
739 1456 823 1521 aliae
847 1457 1023 1540 quaepiam
1055 1457 1203 1523 rationes
1256 1509 1259 1514 .

154 1568 317 1630 honestas
350 1566 446 1630 nobis
479 1577 513 1629 et
546 1585 643 1630 curas
676 1575 710 1629 ct
746 1564 896 1630 actiones
932 1566 1073 1644 darent;
1112 1588 1203 1633 nunc

155 1685 270 1740 autem
287 1675 366 1759 quid
383 1684 434 1739 est
451 1674 525 1739 sine
550 1675 603 1739 his
628 1695 688 1739 cur
703 1673 816 1739 vivere
831 1674 997 1739 velimus?
1023 1675 1108 1738 Mihi
1123 1697 1202 1742 vero

155 1806 233 1849 cum
258 1783 311 1847 his
336 1783 417 1866 ipsis
433 1783 496 1860 vix,
516 1783 568 1848 his
593 1793 706 1847 autem
731 1783 892 1848 detractis
916 1803 960 1847 ne
978 1784 1032 1847 vix
1056 1784 1200 1867 quidem.

155 1892 225 1958 Sed
247 1893 330 1957 haec
355 1913 466 1957 coram
491 1902 525 1956 et
550 1892 693 1976 saepius.
745 1890 982 1976 Migrationem
1007 1902 1041 1955 et
1066 1893 1203 1975 emptio

154 2022 232 2066 nem
249 2000 394 2067 feliciter
410 2001 545 2066 evenire
560 2000 645 2077 volo,
664 2011 827 2084 tuumque
851 2000 886 2065 in
902 2020 942 2064 ea
965 2021 1001 2065 re
1025 2000 1201 2066 consilium

153 2111 269 2194 prob0.
320 2110 409 2174 Cura
425 2120 463 2174 ut
479 2109 600 2175 valeas

155 2313 312 2378 Peripatetic
329 2313 652 2376 teaching.—Philonis:
703 2320 767 2362 ture.
804 2312 921 2378 Literary
930 2311 1001 2361 work
1011 2312 1098 2364 would
1109 2313 1137 2364 in
1146 2313 1201 2366 fact

155 2381 239 2439 Philo,
252 2381 297 2431 the
315 2379 383 2429 head
400 2380 430 2429 of
447 2380 492 2429 the
509 2379 651 2445 Academy,

154 2448 207 2498 fled
228 2448 255 2496 in
278 2447 310 2496 88
336 2459 386 2496 uc.
404 2447 472 2495 from
497 2447 600 2496 Athens
624 2455 652 2510 tq

156 2517 248 2572 Rome,
261 2514 346 2564 where
365 2514 457 2564 Cicero
474 2512 599 2579 attended
611 2513 652 2563 his

153 2582 277 2640 lectures3
296 2579 328 2630 cf.
347 2583 420 2630 Brut.
440 2580 489 2646 306
505 2597 562 2630 eum
576 2581 651 2643 priu-

153 2658 209 2713 ceps
224 2649 378 2698 Academiae
392 2649 470 2697 Philo
482 2683 488 2695 .
502 2685 507 2696 .
522 2685 527 2696 .
540 2648 649 2696 Romam

153 2717 268 2773 venisset,
281 2722 358 2764 totum
371 2717 396 2764 ei
406 2731 446 2764 me
457 2715 557 2764 tradidi
571 2715 650 2763 admi

154 2783 232 2831 rabili
261 2784 370 2846 quodam
399 2784 437 2830 od
461 2782 649 2844 philosophiam

153 2850 238 2898 studio
248 2851 393 2906 concitatus,
406 2851 435 2898 iu
452 2865 501 2912 quo
514 2849 559 2896 loc
575 2850 650 2898 etiam

152 2917 329 2966 commorabar
355 2917 483 2973 attentius,
511 2917 582 2979 quod
606 2915 654 2964 etri

152 2999 241 3032 rerum
259 2984 375 3044 ipsarum
389 2983 499 3032 varietas
515 2989 539 3030 et
555 2983 651 3046 mogui-

149 3054 211 3098 tudo
222 3065 322 3096 summo
338 3066 377 3096 me
392 3051 552 3098 delectatione
565 3053 652 3100 retine·

151 3115 200 3171 bot,
213 3121 299 3164 tamen
314 3115 412 3164 siebloto
427 3116 479 3162 iam
495 3130 546 3164 esse
556 3115 585 3162 in
592 3122 651 3176 per-

149 3189 253 3245 petuum
267 3183 333 3230 ratio
344 3183 497 3231 iudiciorum
509 3181 649 3229 videbatur.

187 3264 209 3297 2.
229 3249 254 3297 si
263 3248 392 3298 videtur:
404 3247 437 3296 cf.
450 3249 474 3296 si
484 3249 531 3296 tibi
539 3249 648 3305 videtur,

152 3316 201 3379 Ep.
216 3315 326 3363 LXXV.
339 3329 355 3376 4
367 3315 518 3363 n.—inter
529 3329 598 3364 nos:
615 3331 648 3364 sc.

150 3383 293 3446 loquemur.
303 3410 337 3418 —
344 3382 525 3445 superiorum
535 3389 649 3445 tempo-

151 3463 226 3508 rum,
249 3457 307 3498 etc:
337 3449 382 3498 the
411 3455 480 3497 state
503 3448 532 3496 of
559 3448 648 3513 public

151 3515 241 3564 affairs
257 3515 341 3578 might
357 3514 450 3580 justify
462 3515 528 3564 their
544 3515 650 3580 literary

150 3582 285 3647 inactivity
303 3582 330 3630 in
351 3582 396 3630 the
416 3590 484 3644 past,
505 3582 559 3639 but,
577 3581 649 3631 since

151 3649 214 3714 they
225 3649 311 3697 would
329 3649 397 3698 have
409 3664 444 3697 no
461 3648 536 3698 share
548 3649 574 3697 in
586 3649 650 3713 poli-

702 2379 735 2428 be
751 2379 818 2428 their
832 2379 894 2444 only
908 2379 1016 2429 feasible
1034 2381 1200 2446 occupation‚

702 2445 756 2495 and
772 2446 864 2496 failure
882 2454 910 2495 to
928 2461 1029 2510 engage
1043 2447 1102 2496 init
1115 2449 1200 2498 would

702 2513 736 2562 be
753 2529 770 2562 a
786 2512 938 2562 dereliction
957 2513 986 2562 of
1005 2513 1200 2579 duty-haec

705 2580 747 2644 (sc.
772 2579 895 2642 tempora)
915 2617 921 2628 .
941 2615 947 2628 .
966 2615 971 2628 .
990 2580 1141 2641 debemus,
1158 2583 1200 2631 tie

703 2646 886 2709 responsibility
896 2648 947 2711 for
962 2648 1004 2695 the
1020 2655 1127 2711 present
1150 2649 1197 2713 (lit.

701 2717 775 2763 times
790 2714 842 2762 like
860 2713 937 2777 these)
959 2721 1021 2763 rests
1037 2715 1100 2764 with
1119 2732 1157 2764 us.
1166 2745 1200 2754 —

701 2780 798 2844 aliquo
822 2815 830 2830 .
853 2813 861 2830 .
887 2815 894 2830 .
916 2782 1198 2832 certostatucivite-

702 2848 740 2897 tis
750 2864 755 2894 ε
767 2862 783 2895 a
792 2854 962 2909 govemment
971 2848 1119 2898 conducted
1129 2865 1199 2914 upon

701 2913 1199 2980 somefrxedconstitutionalprinciples

701 2989 729 3030 at
737 2981 1198 3033 least.-vel=etiam.-darent:

701 3047 827 3112 epodosis
840 3056 868 3097 to
880 3048 925 3098 the
937 3049 1072 3098 condition
1084 3049 1112 3098 in
1124 3059 1197 3100 turn.

700 3128 810 3164 —cum
833 3115 880 3165 his
903 3115 976 3180 ipsis
1001 3117 1113 3180 (studiis)
1139 3117 1198 3166 vix:

700 3199 732 3230 sc.
748 3189 785 3231 est
800 3199 848 3231 cur
858 3183 945 3231 viuere
956 3184 1040 3232 velim.
1048 3183 1198 3248 -migre-

700 3248 828 3298 tionem:
850 3266 883 3297 sc.
903 3249 960 3298 into
982 3265 999 3298 a
1017 3251 1099 3299 house
1120 3251 1198 3317 lately

699 3314 809 3379 bought.
822 3315 990 3366 -feliciter
1014 3317 1147 3367 evenire:
1181 3333 1198 3366 a

698 3381 811 3432 formula
823 3382 896 3430 often
914 3382 978 3432 used
994 3383 1020 3431 in
1034 3383 1143 3447 wishing
1153 3384 1197 3434 for

699 3448 743 3497 the
755 3449 843 3514 happy
851 3457 972 3499 outcome
982 3449 1011 3498 of
1022 3466 1038 3499 a
1049 3466 1106 3500 new
1115 3458 1197 3500 enter·

699 3515 782 3579 prise;
812 3515 844 3564 cf.
869 3515 924 3565 Cic.
938 3523 989 3578 pro
1006 3518 1079 3566 Mur.
1101 3531 1122 3575 1,
1145 3517 1197 3566 and

701 3582 784 3631 Plaut.
808 3584 880 3630 Triu.
893 3597 926 3644 40
943 3599 1018 3641 uxor,
1029 3600 1152 3633 venerare
1169 3592 1199 3634 ut

700 3650 770 3698 nobis
793 3649 853 3698 hoec
875 3649 997 3699 habitatio
1018 3651 1081 3698 bona
1102 3651 1196 3715 J‘austa

150 3715 201 3764 ties
215 3714 243 3764 in
256 3715 301 3764 the
315 3715 411 3775 future,
424 3715 486 3779 they
498 3713 584 3765 would
602 3723 649 3765 not
692 3717 765 3781 felix
768 3716 957 3780 fortunataque
964 3723 1060 3766 evenat.
1077 3717 1128 3768 See
1139 3717 1196 3768 also

150 3780 184 3833 be
195 3781 259 3846 kept
270 3781 340 3831 from
352 3781 397 3832 the
409 3782 511 3846 pursuit
523 3781 552 3831 oi
565 3782 650 3832 litera·
682 3797 685 3802 ·
701 3783 749 3846 Ep.
763 3782 821 3833 XC.
835 3795 848 3844 7
862 3797 887 3830 n.
