2780 4332
137 305 217 352 Fam.
232 316 270 351 11.
285 301 336 368 η]
488 299 657 350 crcnno’s
681 300 856 350 narrans.
1143 300 1191 352 aas

137 469 284 534 nihilum
303 489 377 533 esse
389 477 530 532 ventura
536 489 544 545 ;
569 468 616 532 ita
633 467 720 531 enim
739 469 882 532 Romam
899 477 970 533 erat
987 469 1188 546 nuntiatum,

136 580 190 643 ita
208 595 404 660 persuasum
422 576 586 652 omnibus,
607 596 681 640 cum
705 576 820 658 paucis
836 577 983 653 inermis,
1002 578 1190 659 perterritis

105 719 107 722 ·
137 696 245 762 metu,
268 686 377 750 fracto
401 685 512 749 animo
537 685 666 767 fugisse
691 684 891 750 Antonium.
942 685 1010 769 Qui
1035 686 1064 749 si
1084 686 1130 750 ita
1153 707 1223 751 sez

138 796 246 859 habet
271 804 318 870 ut,
345 794 624 877 quemadmodum
649 793 825 857 audiebam
850 795 891 858 de
917 793 1087 870 Graeceio,
1114 816 1190 860 con·
1286 860 1289 866 ,

137 904 214 986 fligi
237 923 313 967 cum
340 922 379 965 eo
412 902 485 965 sine
517 902 662 984 periculo
695 922 762 966 non
791 903 905 985 possit,
932 924 1000 966 non
1029 903 1084 967 ille
1107 905 1190 968 mihi

138 1011 274 1094 fugisse
307 1032 326 1074 a
356 1011 490 1074 Mutina
520 1010 660 1086 videtur,
695 1012 754 1075 sed
790 1010 899 1075 locum
931 1012 1011 1076 belli
1050 1001 1190 1096 gerendi

139 1129 303 1184 mutasse.
355 1119 474 1202 Itaque
513 1118 666 1184 homines
697 1119 754 1183 alii
785 1119 867 1184 lacti
900 1131 1004 1185 sunt:
1036 1121 1189 1185 nonnulli

138 1229 245 1293 etiam
276 1238 465 1310 queruntur
495 1229 583 1310 quod
615 1228 784 1310 persecuti
820 1250 887 1292 non
917 1229 1015 1306 sitis;
1047 1229 1189 1312 opprimi

139 1337 295 1421 potuisse
327 1337 355 1400 si
387 1335 541 1401 celeritas
566 1336 714 1400 adhibita
742 1347 832 1401 esset
858 1337 1059 1402 existimant.
1110 1339 1190 1403 Om-

138 1447 223 1510 nino
248 1456 301 1510 est
325 1446 388 1510 hoc
414 1446 528 1528 populi
560 1445 768 1528 maximeque
792 1446 909 1522 nostri,
936 1446 970 1509 in
995 1467 1034 1509 eo
1059 1447 1189 1529 potissi·

139 1576 235 1618 mum
268 1554 362 1618 abuti
393 1555 549 1618 libertate
581 1575 640 1636 per
671 1575 771 1637 quem
799 1575 872 1618 eam
899 1566 1100 1619 consecutus
1133 1556 1187 1621 sit.

143 1665 215 1730 Sed
240 1673 353 1726 tamen
375 1662 649 1746 providendumst
672 1684 821 1746 nequae
845 1663 932 1727 iusta
955 1665 1090 1746 querela
1114 1685 1189 1728 esse

140 1773 261 1856 possit.
313 1773 382 1836 Res
415 1792 452 1835 se
484 1771 532 1835 sic
564 1772 682 1835 habet:
714 1772 742 1835 is
766 1772 890 1836 bellum
916 1773 1098 1837 coniecerit
1130 1773 1190 1856 qui

141 1881 334 1945 Antonium
360 1880 573 1963 oppresserit.
625 1881 701 1945 Hoc
726 1902 826 1964 quarn
850 1881 918 1944 vim
942 1881 1064 1945 habeat
1087 1892 1121 1946 te
1137 1903 1189 1945 ex-

139 1990 403 2076 istimaremalo
426 2010 526 2072 quam
550 2010 605 2052 me
628 1989 776 2072 apertius
800 1990 954 2054 scribere.

140 2161 265 2211 omneque
289 2160 372 2209 genus
394 2144 528 2193 hominum
551 2143 644 2205 abripi-
686 2141 803 2190 freedom
827 2143 852 2190 in
881 2143 915 2191 its
936 2142 1027 2192 widest
1055 2159 1138 2192 sense.
1155 2172 1190 2180 —

139 2213 207 2262 enda
226 2213 289 2260 satis
307 2227 429 2276 magnum
450 2226 587 2260 numerum
609 2211 645 2258 vi·
687 2209 943 2272 providendumst:
970 2211 1004 2258 cf.
1024 2212 1190 2272 persuasissi-

139 2281 218 2328 detur
230 2279 357 2342 efficiam
375 2278 420 2325 hoc
432 2279 536 2326 accessit
551 2292 646 2340 manus
688 2283 790 2332 mamm,
805 2277 852 2340 Ep.
866 2277 981 2324 XCVll.
996 2291 1009 2324 2
1022 2291 1143 2327 n.-res
1156 2292 1188 2327 se

147 2347 252 2395 Ventidi
256 2361 267 2403 ,·
284 2344 338 2394 and
355 2346 429 2393 Fam.
445 2357 481 2391 ιι.
498 2357 535 2392 11.
556 2357 566 2390 1
587 2357 646 2392 con·
688 2343 730 2391 sic
743 2344 846 2393 habet:
859 2344 1048 2409 astereotyped
1060 2343 1189 2393 introduc-

141 2414 212 2462 tains
241 2412 286 2461 the
315 2427 385 2460 news
409 2411 466 2459 that
487 2413 594 2475 Antony
623 2410 645 2458 is
689 2417 747 2472 tory
756 2409 857 2472 phrase,
873 2409 924 2458 and
937 2411 1067 2460 therefore
1079 2411 1188 2460 without

140 2479 290 2541 advancing
309 2485 338 2527 to
362 2485 430 2526 meet
454 2476 576 2541 Lepidus,
593 2476 645 2525 and
687 2476 815 2524 intluence
826 2492 896 2540 upon
914 2478 958 2526 the
971 2479 1146 2527 construction
1160 2478 1189 2526 of

142 2548 193 2596 has
211 2553 269 2595 sent
286 2546 424 2609 proposals
442 2543 471 2592 ot
487 2544 597 2592 alliance
617 2552 645 2592 to
688 2543 1188 2606 thefollowingsentence.-isbellum

143 2614 229 2662 Pollio
240 2613 292 2662 and
306 2620 334 2661 to
349 2611 644 2660 Plancus—inermis:
688 2610 862 2659 confecerit:
885 2611 928 2659 the
946 2627 1018 2660 same
1036 2612 1142 2675 opinion
1167 2613 1188 2661 is

140 2680 213 2728 from
231 2695 264 2728 an
282 2679 384 2728 archaic
402 2678 562 2726 nominative
580 2679 645 2726 iner·
688 2677 826 2740 expressed
838 2677 865 2725 in
875 2680 962 2743 nearly
972 2679 1188 2728 thesamewords

142 2764 209 2796 mus.
245 2746 338 2794 Cicero
352 2761 412 2794 uses
424 2745 489 2793 both
501 2744 644 2804 torms;cf.
688 2744 714 2792 in
733 2746 805 2792 Fam
828 2758 865 2792 ro.
893 2748 1188 2809 13.2;19.2.-hoc

141 2829 188 2878 eg.
200 2815 333 2869 inermem,
346 2814 419 2861 Fam.
439 2825 476 2860 12.
492 2825 529 2860 1o.
542 2825 566 2876 3,
687 2825 776 2874 quam
785 2811 845 2860 vim
854 2813 972 2861 habeat:
982 2813 1074 2861 Cicero
1083 2813 1104 2862 is
1114 2813 1189 2876 prob-

175 2895 200 2928 2.
219 2880 373 2930 audiebam
381 2879 433 2927 de:
450 2879 528 2927 audio
536 2895 569 2926 ex
578 2878 645 2926 orab
687 2879 747 2943 ably
765 2878 868 2941 hinting
891 2889 917 2927 at
941 2879 985 2927 the
1008 2880 1124 2943 possible
1140 2881 1189 2930 dis·

141 2947 165 2996 is
183 2947 261 2995 much
280 2961 352 2994 more
371 2945 462 3004 usual;
485 2944 519 2994 cf.
537 2947 589 2992 Art.
605 2945 643 2993 16.
687 2945 784 3010 loyalty
813 2945 842 2992 of
873 2946 994 3009 LepiduS,
1021 2947 1111 3005 Pollio,
1136 2947 1188 2996 aud

141 3029 165 3075 7.
178 3014 202 3064 8.
213 3013 300 3062 -alii
312 3013 382 3062 lacti
395 3020 463 3061 sunt
475 3030 480 3059 :
494 3012 545 3061 this
558 3026 643 3060 mean·
688 3012 805 3060 Plancus.
843 3013 866 3060 lt
883 3013 904 3062 is
921 3028 1058 3078 necessary
1070 3023 1098 3061 to
1110 3015 1186 3064 crush

139 3081 186 3145 ing
212 3081 241 3129 ol
263 3082 339 3138 alius,
363 3079 446 3128 which
470 3094 557 3128 comes
581 3093 643 3127 near
687 3079 793 3143 Antony
816 3078 906 3129 before
929 3095 980 3145 any
1000 3096 1050 3129 one
1068 3081 1097 3128 of
1114 3083 1188 3131 these

140 3148 199 3196 that
218 3147 248 3195 ol
268 3149 392 3203 diversus,
411 3145 520 3209 belongs
541 3152 569 3194 to
592 3145 643 3194 col·
686 3161 745 3194 men
762 3160 825 3209 goes
844 3163 906 3195 over
924 3155 952 3195 to
975 3149 1105 3212 Antony's
1124 3149 1187 3198 side.

139 3215 240 3280 loquial
253 3214 330 3263 Latin
343 3232 349 3273 ;
361 3213 394 3262 cf.
409 3213 492 3262 Plaut.
506 3215 579 3261 Tria.
596 3211 643 3261 160
687 3214 711 3261 It
724 3213 746 3262 is
760 3212 903 3262 noticeable
917 3213 973 3262 that
986 3215 1112 3277 although
1128 3218 1188 3265 liru-

134 3292 187 3346 pro
210 3283 239 3330 di
264 3282 429 3337 immortales,
452 3282 535 3329 verbis
551 3281 644 3343 paucis
687 3288 729 3328 tus
749 3279 801 3328 had
819 3281 919 3329 written
940 3288 968 3329 to
993 3281 1085 3330 Cicero
1103 3292 1188 3348 pretty

139 3350 275 3414 quamcito
294 3345 298 3414 Ι
319 3347 498 3410 aliumsecisti
508 3348 645 3395 mamlius
687 3347 785 3411 plainly
798 3347 827 3395 ol
844 3347 884 3395 his
902 3348 1049 3410 suspicions
1067 3350 1096 3397 of
1115 3351 1187 3413 Lepi·

139 3419 333 3466 adunaturam
345 3413 553 3478 (becken-in
563 3428 606 3472 eo,
616 3416 645 3460 in
688 3413 738 3462 dus
753 3413 779 3461 in
798 3415 937 3477 particular
951 3415 994 3477 (ct.
1009 3416 1056 3478 Ep.
1072 3417 1186 3466 XCVll.

139 3484 181 3532 his
190 3498 283 3530 castor
292 3484 321 3529 in
331 3482 580 3544 tlteirtreatmcntos
583 3481 644 3528 ln'm.
691 3481 724 3544 1),
744 3480 836 3529 Cicero
860 3481 950 3530 makes
968 3497 1004 3530 no
1025 3484 1096 3547 reply
1117 3499 1186 3547 upon

139 3549 273 3599 —abutn
298 3549 468 3612 explanatory
489 3547 518 3595 of
540 3549 646 3596 hoc-
688 3547 741 3596 this
759 3547 842 3610 point,
859 3548 986 3610 although
1005 3548 1038 3598 he
1055 3549 1187 3617 evidently

139 3617 284 3674 libertate,
296 3616 412 3681 sreedam
438 3615 470 3678 af
486 3614 591 3676 speech;
617 3629 646 3663 as
686 3613 776 3662 sbares
791 3613 835 3662 the
850 3613 959 3664 distrust
973 3615 1055 3666 which
1070 3633 1123 3668 was
1139 3618 1187 3670 felt

139 3682 265 3751 repeated
273 3683 301 3730 in
311 3695 384 3741 eam,
391 3681 519 3741 however,
527 3681 548 3729 it
556 3695 646 3732 means
685 3679 720 3747 by
731 3680 836 3729 Brutus.
