2834 4326
220 283 255 335 46
558 282 727 333 crcuno‘s
752 282 925 330 LETTERS.
1143 281 1205 346 [up.
1220 283 1273 331 rx.

188 451 417 535 omagnitudo
450 449 597 533 postulet
632 448 810 532 intellegis.
866 449 919 512 De
951 469 987 512 re
1019 449 1152 532 publica
1183 451 1274 512 nihil

196 562 328 624 habeo
361 560 402 623 ad
435 569 470 622 te
498 559 655 632 scribere,
683 557 748 622 nisi
777 579 946 622 summum
975 559 1088 622 odium
1117 559 1274 622 omnium

222 669 394 754 hominum
413 668 446 731 in
465 687 522 730 eos
540 666 596 750 qui
613 675 733 730 tenent
756 666 876 730 omnia.
928 667 1127 730 Mutationis
1153 676 1288 730 tamen·

222 799 299 860 spes
317 777 424 853 nulla;
449 777 518 851 sed,
538 777 627 859 quod
643 775 742 839 facile
759 775 895 851 sentias
914 777 1027 839 taedet
1046 776 1155 857 ipsum
1174 777 1273 838 Pom-

222 887 333 969 peium
357 886 643 967 vehementerque
672 884 832 966 paenitet.
883 883 961 946 Non
995 884 1151 967 provideo
1184 885 1272 947 satis

222 1016 322 1078 quern
340 995 466 1057 exitum
486 993 638 1057 futurum
664 1002 790 1075 putem,
810 993 869 1056 sed
895 1003 986 1056 certe
1004 993 1161 1055 videntur
1185 993 1272 1056 haec

189 1137 201 1184 7
222 1105 331 1186 aliquo
355 1108 523 1185 eruptura.
575 1103 695 1165 Libros
713 1101 907 1177 Alexandri,
927 1101 1140 1184 neglegentis
1165 1101 1272 1164 horni-

222 1211 274 1275 nis'
304 1221 337 1274 et
366 1232 434 1274 non
463 1211 543 1274 boni
567 1219 696 1294 poetae,
724 1211 783 1274 sed
809 1220 922 1290 tamen
947 1230 1015 1273 non
1040 1210 1178 1284 inutilis,
1205 1209 1272 1272 tibi

223 1321 345 1384 remisi.
394 1320 592 1383 Numerium
612 1319 828 1382 Numestium
846 1319 990 1381 libenter
1006 1318 1121 1400 accepi
1140 1317 1172 1379 in
1190 1318 1271 1380 ami-

223 1429 350 1505 citiam;
376 1439 409 1492 et
427 1429 597 1491 hominem
622 1449 758 1511 gravem
784 1438 817 1490 et
842 1428 1043 1510 prudentem
1069 1436 1102 1490 et
1127 1426 1270 1508 dignum

222 1547 281 1600 tua
297 1537 588 1601 commendatione
605 1536 757 1619 cognovi.

588 1761 650 1826 IX.
688 1762 771 1846 (Ati.
792 1778 820 1825 2.
841 1761 909 1844 23.)

547 1919 686 1969 c1cuRo
711 1919 851 1968 arrico
876 1919 952 1968 sni..

192 2087 201 2120 r
270 2056 461 2137 Numquam
479 2064 558 2118 ante
575 2054 717 2118 arbitror
737 2063 771 2116 te
796 2053 974 2135 epistulam
1000 2073 1107 2115 meam
1133 2051 1268 2136 legisse,

223 2165 288 2228 nisi
320 2183 394 2227 mea
425 2184 526 2226 manu
560 2162 729 2245 scriptam.
791 2163 842 2224 Ex
879 2181 918 2224 eo
951 2161 1108 2243 colligere
1140 2161 1270 2243 poteris

223 2281 349 2356 quanta
373 2272 593 2354 occupatione
616 2271 793 2347 distinear;
818 2291 904 2344 nam,
924 2291 1000 2333 eum
1020 2269 1116 2332 vacui
1141 2279 1270 2351 tempo-

223 2383 268 2445 ris
300 2381 383 2444 nihil
415 2381 572 2444 haberem
602 2390 634 2443 et
665 2401 740 2444 cum
773 2379 974 2443 recreandae
1002 2378 1140 2441 voculae
1168 2399 1270 2442 eausa

256 2523 278 2573 6.
296 2524 333 2572 de
352 2537 383 2571 re
401 2522 531 2585 publica:
555 2521 588 2570 ci.
603 2522 665 2569 Intr.
678 2535 718 2584 91.
805 2534 826 2582 7.
846 2521 934 2570 libros
948 2521 1114 2570 Alexandri:
1133 2520 1159 2568 in
1175 2533 1204 2585 59
1218 2533 1267 2569 uc.

132 2625 134 2631 .
223 2590 335 2639 -nihil
350 2591 444 2639 habeo
457 2590 492 2637 ad
511 2597 539 2637 te
557 2588 724 2647 scriberes
772 2588 864 2637 Cicero
882 2603 934 2636 was
952 2597 978 2636 at
996 2588 1067 2636 work
1088 2603 1123 2636 on
1146 2587 1187 2636 his
1207 2589 1269 2636 Ciro-

222 2658 287 2705 leave
298 2657 406 2719 nothing
415 2663 439 2704 to
451 2658 524 2704 write
531 2672 591 2718 you.
614 2655 718 2704 ciete.
772 2655 917 2719 regraphia,
936 2670 951 2702 a
970 2655 1074 2704 treatise
1098 2670 1168 2718 upon
1192 2669 1269 2717 geog-

224 2732 276 2786 pro
299 2725 372 2772 Balb.
398 2736 429 2787 33
452 2724 517 2786 quid
540 2723 615 2770 hebes
640 2724 721 2786 igitur
772 2723 853 2786 raphy
872 2721 914 2786 (ci.
939 2724 992 2769 Ati.
1012 2735 1034 2770 2.
1055 2737 1078 2782 4.
1103 2736 1131 2785 3;
1157 2736 1178 2768 2.
1199 2721 1221 2768 6.
1244 2735 1268 2781 1;

223 2792 304 2838 dicere
322 2791 352 2838 de
374 2791 500 2838 Gaditano
512 2789 720 2854 foedere—qui
773 2803 794 2836 2.
808 2802 830 2850 7.
850 2788 882 2851 ι),
901 2788 953 2836 and
971 2788 1075 2838 Atticus
1094 2787 1145 2836 had
1163 2797 1221 2836 sent
1240 2796 1268 2836 to

223 2864 323 2905 tenent
337 2856 445 2905 omnia:
467 2858 503 2904 ie.
520 2856 564 2905 the
582 2856 718 2904 triumvirs.
771 2855 825 2903 him
841 2871 857 2903 a
874 2871 950 2918 poem
971 2871 1040 2918 upon
1059 2855 1103 2903 the
1121 2870 1192 2903 same
1210 2854 1269 2903 sub·

223 2938 323 2972 -non
341 2923 477 2986 provideo
497 2923 578 2982 satis,
592 2931 651 2972 etc:
670 2924 719 2972 col·
770 2921 830 2986 ject,
839 2923 940 2970 written
950 2922 984 2987 by
994 2921 1140 2970 Alexander
1148 2921 1175 2968 ol
1186 2922 1269 2982 Ephe-

223 2990 321 3054 loquial
339 2991 381 3038 for
393 3007 444 3038 non
456 2991 578 3051 provideo
595 2991 657 3038 satis
674 2991 722 3054 qui

223 3059 306 3106 exitus
327 3057 440 3121 futrcrus
472 3059 510 3104 sit.
564 3056 632 3105 Such
657 3056 720 3120 peri-

224 3124 330 3186 phrases
360 3138 437 3172 occur
471 3132 541 3172 most
573 3123 720 3187 frequently

224 3190 290 3238 after
302 3191 390 3248 dicere,
403 3191 534 3248 arbitrari,
547 3191 655 3247 credere,
668 3190 720 3238 and

225 3257 382 3319 praedicare.
429 3257 503 3322 They
526 3272 569 3305 are
593 3272 654 3322 very
673 3257 721 3306 fre-

223 3323 337 3388 quentin
346 3323 423 3372 Latin
433 3323 548 3388 comedy,
555 3339 583 3373 as
593 3324 638 3372 sed
636 3324 718 3388 finem

225 3392 286 3454 sore
313 3407 386 3456 quem
410 3392 493 3439 dicam
524 3392 609 3448 nescio,
636 3391 719 3439 Plaut.

228 3459 301 3505 Trin.
315 3471 340 3515 23
358 3457 402 3506 sed
417 3458 558 3505 dictamen
576 3458 644 3506 unde
661 3474 721 3505 ome·

222 3531 286 3572 siam
308 3526 408 3573 celocem
433 3541 505 3588 agere
526 3531 549 3572 le
566 3525 718 3586 praedicem,

225 3591 308 3639 Plaut.
331 3591 420 3639 Pseud.
448 3589 521 3654 1306;
548 3592 718 3639 inimiciorem

223 3673 292 3704 nunc
313 3664 401 3706 cetrum
423 3658 522 3706 credam
547 3660 629 3720 magis
652 3658 720 3705 soda-

222 3723 305 3770 lemne
316 3740 366 3771 esse
377 3740 412 3771 an
425 3724 585 3780 Bacchidem,
594 3726 717 3772 incertum

221 3789 389 3845 admodumst‚
412 3791 494 3838 Plaut.
515 3791 607 3838 Bacch.
631 3804 677 3854 500
700 3789 718 3836 f.

771 3005 815 3038 sus
835 2990 898 3050 (Ati.
913 3003 935 3036 2.
951 3003 989 3037 20.
1004 2989 1037 3051 6).
1048 3017 1080 3024 —
1095 2989 1267 3038 Numerium

773 3056 978 3105 Numestium:
1010 3054 1210 3104 recommended
1240 3062 1268 3102 to

772 3122 863 3171 Cicero
877 3122 909 3187 by
921 3122 1038 3181 Atticus3
1057 3122 1089 3170 cf.
1100 3124 1152 3170 Ati.
1163 3136 1184 3169 2.
1196 3135 1234 3169 20.
1247 3135 1268 3168 1.

806 3190 853 3237 IX.
880 3191 971 3246 Rome,
991 3190 1058 3251 Aug.
1084 3204 1113 3236 or
1138 3190 1216 3250 Sept,
1238 3201 1269 3252 59

772 3268 821 3304 rae.

808 3337 828 3370 1.
847 3323 903 3372 nisi
924 3337 990 3371 mea
1010 3337 1098 3371 manu
1120 3322 1268 3385 scriptam:

771 3389 804 3439 ci.
825 3390 886 3438 lntr.
907 3389 990 3450 64-
1008 3397 1115 3452 quanta
1144 3402 1268 3452 occupa-

772 3457 849 3505 tione
881 3456 1035 3505 distinear:
1064 3455 1105 3504 his
1141 3456 1268 3504 attention

771 3539 823 3571 was
835 3523 911 3585 given
925 3533 951 3572 to
969 3523 1142 3586 professional
1161 3530 1268 3570 matters

771 3590 858 3638 rather
875 3590 937 3638 than
957 3598 984 3638 to
1003 3589 1119 3652 politics;
1147 3589 1180 3637 cf.
1201 3603 1223 3652 3.
1235 3617 1268 3624 —

771 3656 906 3706 voculae:
930 3656 963 3705 ci.
983 3658 1137 3718 pulchellus,
1163 3655 1211 3718 Ep.
1235 3655 1267 3702 V.

774 3736 803 3770 10
816 3739 840 3780 n,
853 3723 904 3771 and
920 3726 1029 3780 voculas,
1044 3723 1091 3786 Ep.
1106 3723 1150 3771 LI.
1169 3736 1182 3769 2
1202 3737 1269 3770 n.-

771 3791 929 3839 ambulare:
955 3789 1107 3850 Quintilian,
1130 3802 1167 3836 11.
1187 3802 1208 3852 3.
1230 3801 1266 3851 19,
