2814 4328
232 263 282 314 230
572 265 739 316 CICERO'S
765 268 939 318 LETTERS.
1078 268 1140 335 [Ep.
1153 271 1279 320 LXXVI.

232 430 295 496 mis
320 430 488 497 laboribus
512 433 665 516 adeptus,
691 455 793 498 unum
819 437 976 500 manebat
1003 436 1082 501 illud
1110 439 1279 514 solacium,

233 541 322 624 quod
346 550 498 623 ereptum
527 551 588 606 est.
639 542 718 605 Non
737 543 927 608 ‘amicorum
957 545 1113 628 negotiis,
1141 568 1209 609 non
1235 548 1282 610 rei

231 649 383 731 publicae
399 650 632 733 procuratione
647 651 916 734 impediebantur
933 653 1159 736 cogitationes
1176 676 1280 730 meae,

232 755 314 820 nihil
330 757 364 819 in
380 757 454 821 foro
476 779 576 841 agere
597 759 733 835 libebat,
752 761 924 842 adspicere
944 762 1070 826 curiam
1096 783 1166 826 non
1191 773 1281 845 pote·
1384 791 1385 796 ¹

233 885 312 941 ram,
330 865 571 943 existimabam,
590 867 622 931 id
639 868 729 950 quod
747 878 827 944 erat,
845 870 955 934 omnis
971 890 1025 934 me
1043 879 1077 933 et
1095 871 1281 935 industriae
1384 947 1385 960 χ

232 993 326 1037 meae
342 973 474 1039 fructus
492 985 525 1038 et
542 976 699 1040 fortunae
715 977 912 1060 perdidisse.
962 978 1030 1042 Sed
1056 1000 1134 1042 cum
1160 981 1282 1063 cogita-
1384 985 1385 1064 l

232 1101 301 1145 rem
318 1082 400 1146 haec
417 1083 498 1147 mihi
514 1093 626 1148 tecum
640 1093 673 1148 et
688 1105 763 1149 cum
776 1084 976 1168 quibusdam
990 1106 1065 1150 esse
1079 1089 1281 1163 communia,

232 1199 266 1254 et
289 1211 365 1254 cum
386 1190 577 1275 frangerem
598 1193 663 1256 iam
689 1192 760 1276 ipse
786 1213 839 1256 me
864 1214 1087 1278 cogeremque
1112 1195 1169 1259 illa
1193 1196 1284 1261 ferre

231 1298 423 1376 toleranter,
449 1301 614 1365 habebam
639 1322 705 1384 quo
730 1301 958 1386 confugerem,
984 1303 1041 1368 ubi
1066 1304 1284 1388 conquiesce-

231 1427 311 1484 rem,
330 1409 423 1473 cuius
448 1409 484 1472 in
508 1430 664 1473 sermone
689 1419 723 1473 et
748 1410 912 1475 suavitate
937 1413 1046 1476 omnis
1072 1433 1171 1477 curas
1193 1414 1283 1479 dolo-

231 1536 352 1601 resque
364 1518 575 1599 deponerem.
619 1519 719 1584 Nunc
736 1527 850 1583 autem
868 1519 931 1585 hoc
948 1530 1017 1585 tam
1034 1522 1129 1604 gravi
1141 1522 1283 1587 vulnere
1384 1607 1385 1612 ἵ

231 1625 332 1689 etiam
357 1625 413 1689 illa
436 1646 522 1709 quae
546 1627 766 1692 consanuisse
790 1628 992 1693 videbantur
1016 1631 1262 1695 recrudescunt
1275 1654 1283 1709 ς

231 1755 298 1798 non
325 1734 424 1811 enim,
450 1744 488 1799 ut
513 1744 586 1799 tum
614 1756 712 1800 mea
738 1756 774 1801 re
802 1736 936 1820 publica
964 1747 1129 1802 maestum
1159 1740 1281 1804 domus

230 1843 416 1925 excipiebat
448 1863 532 1927 quae
559 1844 695 1920 levaret,
723 1845 771 1909 sic
797 1865 887 1910 nunc
916 1847 1016 1910 domo
1049 1866 1206 1911 maerens
1239 1851 1280 1912 ad

230 1972 299 2016 rem
316 1951 484 2034 publicam
501 1952 685 2036 confugere
701 1973 838 2036 possum
854 1963 892 2018 ut
909 1954 944 2016 in
961 1954 1033 2018 eius
1050 1954 1149 2018 bonis
1166 1957 1281 2039 adqui-

230 2081 350 2124 escam.
401 2060 519 2144 Itaque
535 2070 569 2125 et
587 2061 686 2126 domo
702 2062 821 2126 absum
843 2072 877 2126 et
895 2061 980 2138 foro,
998 2064 1087 2146 quod
1111 2083 1176 2127 nec
1201 2085 1280 2128 eum

230 2169 387 2244 dolorem,
402 2189 500 2253 quem
514 2170 555 2233 de
571 2190 607 2233 re
622 2169 757 2252 publica
772 2170 878 2254 capio,
897 2171 1016 2236 domus
1031 2171 1094 2235 iam
1111 2173 1279 2237 consolari

197 2286 342 2364 3potest
368 2297 431 2341 nec
460 2278 682 2343 domesticum
714 2299 768 2343 res
800 2279 942 2362 publica.
994 2279 1071 2363 Quo
1103 2280 1214 2363 magis
1243 2290 1278 2345 te

230 2396 387 2468 exspecto
424 2395 524 2470 teque
559 2386 674 2451 videre
705 2408 803 2471 quam
835 2387 979 2470 primum
1013 2386 1131 2470 cupio:
1168 2388 1277 2453 maius

229 2494 311 2558 mihi
341 2494 500 2559 solacium
531 2495 662 2559 adferre
692 2495 777 2560 ratio
809 2495 901 2560 nulla
932 2504 1044 2579 potest
1070 2517 1170 2591 quam
1201 2517 1276 2562 con-

229 2603 354 2667 iunctio
371 2603 625 2667 consuetudinis
642 2623 902 2688 sermonumque
923 2614 1133 2682 nostrorum;
1163 2625 1276 2688 quam·

228 2733 328 2795 quam
348 2713 522 2795 sperabam
541 2722 638 2776 tuum
660 2712 958 2776 adventum-sic
983 2711 1073 2776 enim
1098 2712 1274 2778 audiebam

227 2858 274 2869 -
285 2821 559 2905 appropinquare.
607 2821 682 2903 Ego
699 2830 812 2886 autem
829 2841 904 2886 cum
922 2821 1037 2885 multis
1055 2821 1097 2884 de
1113 2821 1225 2886 causis
1241 2831 1275 2886 te

228 2939 350 3012 exopto
372 2949 471 3013 quam
495 2928 639 3013 primum
656 2929 779 3006 videre,
797 2938 870 2993 tum
895 2929 996 2993 etiam
1021 2938 1059 2993 ut
1083 2938 1163 2992 ante
1188 2950 1273 2994 com-

228 3047 417 3102 mentemur
433 3037 521 3101 inter
537 3058 599 3102 nos
616 3059 681 3122 qua
706 3037 835 3102 ratione
856 3038 953 3102 nobis
970 3038 1212 3102 traducendum
1230 3039 1273 3102 sit

227 3147 291 3211 hoc
323 3157 466 3229 tempus,
500 3146 587 3230 quod
625 3155 677 3211 est
713 3156 822 3211 totum
855 3148 896 3211 ad
932 3146 1032 3211 unius
1064 3147 1271 3210 voluntatem

227 3256 544 3320 accommodandum
574 3265 608 3319 et
637 3255 813 3338 prudentis
837 3264 871 3318 et
900 3254 1047 3319 liberalis
1072 3264 1115 3330 et,
1143 3264 1179 3318 ut
1204 3276 1272 3337 per-

227 3407 378 3458 solacium:
394 3409 432 3456 i.e.
445 3407 490 3457 the
506 3407 722 3471 companionship
774 3407 822 3471 Ep.
849 3406 963 3456 LXVII.
973 3420 996 3468 4.
1018 3406 1252 3456 —consanuisse
1265 3423 1270 3454 :

226 3474 279 3524 and
295 3474 434 3540 sympathy
451 3474 481 3523 of
503 3475 597 3523 Tullia.
606 3474 722 3523 -ami·
772 3472 857 3523 found
869 3474 930 3539 only
942 3473 1003 3522 here
1017 3473 1042 3521 in
1056 3473 1157 3522 Cicero.

226 3556 325 3591 corum
337 3541 474 3605 negotiis:
489 3556 564 3590 asan
577 3540 722 3602 advocate;
807 3555 830 3604 3.
859 3544 1034 3604 sperabam:
1066 3555 1100 3588 an
1132 3539 1271 3606 epistolary

226 3608 258 3657 cf.
271 3609 377 3658 sublatis
387 3609 498 3666 iudiciis,
509 3609 557 3672 Ep.
568 3608 657 3657 LXII.
673 3621 682 3656 1
695 3623 720 3655 n.
773 3614 863 3665 tense;
882 3606 914 3655 cf.
934 3609 998 3656 Intr.
1010 3606 1043 3668 84
1055 3623 1074 3654 c.
1083 3615 1192 3655 —ante
1206 3625 1212 3656 :
1229 3607 1271 3656 be

225 3674 385 3723 -curiamr
396 3674 440 3723 the
449 3675 612 3740 ascendancy
619 3673 648 3722 of
658 3673 721 3722 Cae·
771 3673 828 3722 fore
850 3673 970 3739 Caesar’s
987 3681 1077 3722 retum
1095 3673 1164 3722 from
1183 3672 1269 3736 Spain,

226 3754 268 3788 sar
291 3739 343 3788 bad
366 3738 445 3789 taken
466 3755 538 3805 away
554 3739 600 3789 the
620 3738 721 3804 dignity
772 3739 854 3788 which
867 3740 932 3789 took
945 3741 1019 3804 place
1031 3739 1057 3788 in
1079 3740 1202 3805 Sept.,45
1221 3752 1269 3790 lac.

225 3803 278 3853 end
289 3805 417 3853 influence
434 3804 464 3852 of
481 3805 526 3854 the
543 3813 642 3854 senate.
677 3805 719 3854 ef.
770 3805 920 3856 -uniusr
950 3807 987 3854 iu.
1015 3808 1141 3856 Caesaris.
1154 3832 1186 3842 -
1199 3807 1271 3856 ami·
