2814 4330
139 293 317 360 Fam.15.4.]
478 293 646 344 creauo’s
670 293 846 344 narrans.
1141 291 1187 348 1³1

138 462 232 526 inest
254 461 364 545 aliqua
384 461 436 526 vis
457 461 602 526 desideri
623 461 665 525 ad
689 462 874 526 sanandum
891 461 1013 526 vulnus
1038 460 1186 538 iniuriae,

56 611 58 616 ·
138 580 178 636 ut
195 570 311 635 faveas
328 570 526 653 adiutorque
543 569 600 646 sis,
618 571 707 654 quod
727 571 826 653 paulo
848 579 927 633 ante
952 591 1005 634 me
1030 591 1186 653 negaram

138 689 347 762 rogaturum,
364 680 583 742 vehementer
599 688 635 742 te
651 698 742 762 rogo,
758 679 817 742 sed
834 679 890 754 ita,
909 679 938 742 si
955 698 1022 741 non
1040 669 1187 743 ieiunum

139 788 206 853 hoc
223 787 338 851 nescio
358 787 437 870 quid
454 786 543 869 quod
559 807 624 870 ego
640 787 730 869 gessi
748 796 782 851 et
799 788 1083 852 contemnendum
1100 788 1205 868 vide-¹

138 895 243 972 bitur,
262 896 320 958 sed
344 896 411 958 tale
433 905 533 978 atque
551 904 682 958 tantum
699 904 737 958 ut
754 894 850 958 multi
871 915 1081 978 nequaquam
1105 895 1187 977 pari·

139 1003 206 1068 bus
235 1004 335 1066 rebus
363 1003 507 1066 honores
536 1023 686 1068 summos
711 1023 731 1066 a
756 1012 877 1067 senatu
906 1003 1079 1067 consecuti
1107 1003 1184 1066 sint.

140 1112 310 1195 Equidem
328 1111 428 1174 etiam
447 1110 528 1175 illud
545 1110 627 1174 mihi
644 1110 792 1194 animum
813 1110 999 1174 advertisse
1016 1111 1187 1174 videor-

140 1219 209 1284 scis
227 1220 317 1283 enim
333 1239 433 1302 quam
450 1228 581 1283 attente
597 1229 633 1283 te
649 1219 765 1283 audire
783 1219 963 1282 soleam—
974 1228 1008 1282 te
1034 1240 1100 1284 non
1118 1230 1186 1284 tam

139 1349 196 1393 res
221 1337 335 1410 gestas
352 1348 451 1410 quam
475 1347 596 1403 mores,
614 1327 781 1403 instituta,
803 1337 905 1410 atque
920 1327 1023 1391 vitam
1049 1328 1187 1411 impera-

139 1445 253 1500 torum
286 1445 439 1519 spectare
470 1437 577 1500 solere
601 1435 637 1498 in
661 1435 825 1500 habendis
849 1445 907 1500 aut
932 1455 999 1499 non
1024 1437 1186 1501 habendis

139 1545 335 1608 honoribus.
386 1543 487 1626 Quod
506 1544 536 1607 si
557 1544 589 1606 in
615 1564 690 1607 mea
714 1564 815 1608 causa
839 1544 1077 1620 considerabis,
1096 1565 1187 1627 repe·

139 1654 208 1717 ries
226 1673 279 1717 me
296 1653 445 1718 exercitu
465 1652 633 1718 imbecillo
655 1661 772 1716 contra
796 1663 922 1716 metum
949 1653 1082 1716 maximi
1107 1654 1185 1716 belli

139 1762 369 1826 firmissimum
387 1760 590 1842 praesidium
612 1761 771 1825 habuisse
794 1761 998 1844 aequitatem
1023 1773 1057 1825 et
1083 1763 1186 1826 conti·
1226 1839 1228 1845 Ι

139 1871 301 1934 nentiam.
354 1870 419 1933 His
439 1889 502 1952 ego
527 1869 686 1934 subsidiis
711 1889 751 1932 ea
774 1889 849 1934 sum
874 1879 1076 1934 consecutus
1101 1891 1186 1954 quae

140 1978 243 2042 nullis
260 1978 450 2061 legionibus
468 1978 628 2060 consequi
646 1977 840 2059 potuissem,
860 1987 897 2042 ut
914 1998 955 2041 ex
971 1977 1185 2042 alienissimis

139 2086 242 2150 sociis
258 2085 490 2161 amicissimos,
510 2106 550 2149 ex
574 2068 814 2150 infidelissimis
839 2086 1048 2150 firmissimos
1073 2088 1186 2150 redde-

139 2215 222 2270 rem,
255 2193 453 2276 animosque
485 2213 645 2258 novarum
678 2213 788 2257 rerum
825 2194 1077 2275 exspectatione
1116 2216 1186 2259 sus-

140 2323 265 2386 pensos
293 2303 334 2367 ad
357 2302 483 2366 veteris
513 2302 631 2384 imperi
663 2302 932 2366 benevolentiam
965 2304 1183 2370 traducerem.

141 2411 211 2476 Sed
228 2411 328 2476 nimis
348 2411 431 2474 haec
455 2411 561 2475 multa
576 2411 619 2474 de
643 2431 706 2486 me,
725 2411 922 2492 praesertim
948 2411 989 2475 ad
1013 2421 1059 2486 te,
1076 2433 1096 2474 a
1116 2433 1185 2494 quo
1206 2438 1233 2489 15

140 2540 209 2583 uno
225 2519 375 2586 omnium
394 2519 558 2582 sociorum
577 2519 733 2601 querelae
752 2518 941 2583 audiuntur.
992 2519 1185 2601 Cognosces

140 2648 181 2691 ex
198 2627 238 2691 iis
252 2627 308 2710 qui
326 2627 410 2690 meis
429 2627 594 2690 institutis
612 2647 649 2690 se
666 2636 833 2690 recreatos
851 2638 981 2708 putant.
1032 2627 1185 2711 Cumque

139 2756 257 2799 omnes
274 2756 342 2799 uno
358 2755 462 2817 prope
478 2755 646 2800 consensu
662 2735 703 2798 de
721 2755 774 2798 me
790 2736 879 2816 apud
897 2744 930 2798 te
947 2755 1087 2818 eaquae
1104 2737 1184 2799 mihi

138 2844 351 2927 optatissima
375 2853 454 2907 sunt
479 2843 729 2926 praedicabunt,
748 2852 821 2906 tum
838 2844 923 2906 duae
943 2844 1106 2908 maximae
1131 2845 1184 2908 cli-

138 2952 272 3016 entelae
296 2961 383 3027 tuae,
411 2952 543 3036 Cyprus
570 2951 679 3015 insula
708 2961 742 3015 et
776 2950 1008 3034 Cappadociae
1032 2973 1182 3035 regnum,

138 3070 252 3125 tecum
269 3061 311 3123 de
328 3081 381 3124 me
398 3060 578 3143 loquentur
594 3079 602 3136 ;
626 3070 708 3142 puto
729 3059 829 3123 etiam
853 3079 967 3143 regem
987 3061 1184 3124 Deiotarum

173 3266 212 3312 14.
233 3251 320 3315 paulo
341 3260 424 3301 ante:
449 3251 474 3299 in
495 3251 636 3300 11.—hoc
687 3250 713 3299 in
735 3250 818 3299 which
841 3266 902 3300 case
921 3268 969 3316 que
991 3251 1014 3302 is
1036 3253 1186 3319 commonly

136 3318 239 3369 nescio
249 3318 328 3382 quid:
341 3333 357 3366 a
366 3318 459 3381 phrase
469 3317 498 3366 oi
506 3316 636 3382 modesty;
688 3317 832 3382 employed.

136 3385 169 3434 ci.
186 3398 380 3449 13·-m010⁵·
393 3385 535 3443 instituta,
549 3391 635 3448 atque
723 3397 760 3448 15.
775 3386 888 3448 Cyprus
899 3385 1003 3435 insula:
1017 3386 1120 3451 Cyprus
1132 3386 1184 3434 had

136 3453 247 3501 vitame
268 3451 342 3500 when
360 3451 386 3498 iu
405 3451 498 3499 Cicero
516 3451 589 3499 three
607 3465 637 3498 or
687 3450 753 3500 been
777 3452 856 3500 taken
879 3451 948 3499 from
972 3452 1016 3500 the
1046 3453 1184 3501 Ptolemies

136 3533 210 3569 more
228 3517 405 3567 substantivas
422 3518 512 3565 follow
524 3533 575 3567 one
593 3533 636 3566 an·
687 3516 721 3582 by
733 3517 802 3566 Cato
815 3519 840 3566 in
855 3517 884 3583 58
899 3529 957 3575 B.c.,
967 3518 1019 3567 and
1032 3518 1183 3568 henceforth

136 3585 221 3641 other,
235 3599 270 3633 no
282 3583 469 3633 connectiveis
488 3583 560 3641 used,
573 3599 603 3632 or
620 3581 636 3632 a
686 3583 720 3632 he
732 3600 784 3632 was
802 3585 835 3632 its
848 3592 983 3647 patronus.
1021 3586 1044 3632 lt
1058 3601 1110 3633 was
1127 3595 1184 3649 part

136 3651 291 3702 connectlve
307 3651 329 3699 is
349 3650 412 3701 used
425 3651 485 3699 with
504 3651 567 3700 each
580 3650 636 3713 pair
686 3651 716 3698 of
729 3651 842 3699 Cicero's
852 3651 1022 3713 province—
1033 3653 1185 3715 Cappado-

136 3718 166 3768 οἱ
189 3718 376 3774 substantivas,
395 3732 426 3766 or
444 3717 489 3765 the
506 3716 635 3765 members
687 3717 748 3766 ciae
767 3731 908 3781 regnum:
928 3717 960 3766 cf.
978 3720 1052 3766 cuius
1068 3721 1183 3776 salutem,

136 3784 166 3834 of
178 3785 223 3834 the
235 3785 286 3834 last
294 3783 351 3847 pair
360 3783 421 3849 only
428 3798 471 3833 are
483 3782 635 3842 connected,
687 3791 743 3840 etc,
761 3783 785 3832 6.
826 3785 879 3832 For
895 3783 1009 3833 Cicero's
1026 3786 1138 3834 services
1156 3794 1184 3834 to
