2814 4328
231 237 280 289 232
571 240 737 289 CICERO’S
763 241 935 290 LETTERS.
1054 241 1114 307 [Ep.
1129 243 1268 291 LXXVII

199 407 340 489 zipsum
365 407 518 471 laudibus
542 407 707 471 inlustret.
759 407 818 472 Sin
842 417 964 484 autem,
991 408 1078 472 sicut
1102 408 1184 473 hinc
1209 410 1272 472 dis

230 505 390 590 cesseras,
408 514 553 579 lacrimis
575 536 613 579 ac
635 515 792 579 tristitiae
816 525 850 578 te
875 516 1050 592 tradidisti,
1069 516 1167 580 doleo
1194 496 1273 601 quia

229 624 322 688 doles
338 634 373 687 et
389 644 522 706 angere,
536 644 602 687 non
619 643 755 706 possum
773 633 807 687 te
823 625 984 688 non-si
1000 624 1168 701 concedis,
1184 628 1276 709 quod

230 732 394 797 sentimus
410 742 447 796 ut
463 732 600 795 liberius
616 732 819 795 dicamus-
829 753 994 797 accusare.
1048 732 1141 816 Quid
1158 733 1275 798 enim?

228 842 282 905 Tu
295 842 386 905 solus
399 851 514 924 aperta
525 862 592 904 non
603 841 741 915 videbis,
753 841 811 924 qui
823 851 959 924 propter
967 861 1107 905 acumen
1117 841 1275 907 occultis-

229 951 313 1014 sima
328 950 512 1032 perspicis?
537 949 590 1012 Tu
607 969 675 1012 non
693 949 868 1032 intelleges
884 959 919 1013 te
935 949 1079 1033 querelis
1093 949 1273 1014 cotidianis

228 1059 311 1121 nihil
333 1059 503 1141 proficere,
529 1078 597 1120 non
627 1056 804 1139 intelleges
836 1057 997 1140 duplicari
1025 1057 1274 1122 sollicitudines

194 1180 210 1231 3
228 1189 310 1248 quas
327 1166 457 1230 elevare
473 1176 531 1229 tua
548 1174 583 1229 te
605 1165 780 1248 prudentia
804 1166 974 1247 postulat?
1024 1166 1124 1249 Quod
1149 1167 1178 1229 si
1203 1187 1273 1230 non

226 1276 394 1356 possimus
418 1274 543 1358 aliquid
574 1275 735 1357 proficere
761 1274 940 1349 suadendo,
966 1274 1074 1358 gratia
1096 1276 1273 1339 contendi-

227 1404 302 1446 mus
326 1393 359 1447 et
384 1384 542 1466 rogando,
569 1383 598 1446 si
621 1382 700 1465 quid
724 1393 840 1446 nostra
864 1403 963 1446 causa
987 1383 1046 1458 vis,
1073 1392 1110 1447 ut
1135 1382 1211 1446 istis
1235 1393 1273 1447 te

227 1492 391 1556 molestiis
409 1492 500 1555 laxes
516 1502 550 1554 et
567 1492 609 1554 ad
633 1491 823 1556 convictum
848 1501 1002 1554 nostrum
1026 1492 1144 1556 redeas
1167 1500 1272 1575 atque

226 1601 268 1664 ad
293 1600 570 1664 consuetudinem
594 1600 647 1663 vel
678 1608 826 1663 nostram
859 1619 1071 1664 communem
1095 1600 1149 1663 vel
1174 1609 1270 1664 tuam

226 1708 330 1772 solius
353 1728 391 1772 ac
416 1709 591 1790 propriam.
641 1707 749 1790 Cupio
773 1727 840 1771 non
865 1708 1051 1771 obtundere
1074 1717 1120 1783 te,
1146 1707 1271 1771 sinon

225 1817 391 1881 delectare
408 1827 524 1879 nostro
541 1816 672 1894 studio;
696 1815 795 1897 cupio
811 1816 980 1880 deterrere
1004 1836 1047 1879 ne
1071 1836 1270 1898 permaneas

225 1925 260 1987 in
284 1925 429 2006 incepto.
484 1925 583 2002 Nunc
607 1925 693 1988 duae
716 1944 770 1988 res
794 1924 880 1988 istae
904 1925 1089 1988 contrariae
1113 1944 1167 1987 me
1191 1944 1271 1988 con-

224 2033 372 2108 turbant,
391 2052 432 2095 ex
456 2033 577 2115 quibus
601 2042 659 2096 aut
683 2033 718 2095 in
742 2032 848 2096 altera
870 2033 953 2096 mihi
976 2033 1086 2109 velim,
1104 2032 1134 2096 si
1157 2042 1269 2115 potes,

210 2139 437 2222 ‘obtemperes
453 2151 510 2204 aut
528 2141 562 2204 in
578 2141 683 2205 altera
699 2161 767 2206 non
783 2141 946 2206 offendas.
994 2141 1088 2206 Vale.

260 2313 283 2348 2.
307 2299 382 2348 sicut
393 2299 461 2347 hinc
473 2299 670 2348 discesseras:
687 2314 717 2349 as
770 2301 835 2365 quid
860 2278 947 2350 nostra
971 2317 1048 2349 cama
1066 2299 1116 2364 vis)
1140 2298 1205 2350 such
1231 2315 1268 2350 an

224 2382 276 2432 you
299 2364 344 2414 did
366 2366 441 2415 when
464 2381 516 2431 you
539 2366 586 2416 left
609 2367 719 2416 here.—

223 2433 308 2482 hinc:
328 2434 366 2481 ie.
384 2432 453 2480 from
471 2434 557 2482 Rome
573 2433 641 2482 after
656 2433 718 2482 Tul·

223 2500 279 2548 lia's
292 2499 378 2548 death.
388 2499 564 2549 -tristitiae
581 2507 610 2549 te
628 2500 718 2549 tradi-

223 2567 309 2615 disti:
326 2567 620 2616 affirmative-doleo
637 2567 716 2630 quia:

222 2632 266 2680 ior
276 2634 345 2682 doleo
355 2635 429 2696 quad.
459 2633 501 2682 Cf.
512 2635 572 2682 Brix
584 2649 617 2682 on
632 2635 716 2683 Plaut

229 2700 300 2748 Tn'n.
311 2713 367 2762 290,
378 2699 470 2749 ‘After
479 2700 554 2749 verbs
562 2701 592 2750 oi
600 2701 716 2750 emotion

225 2768 278 2829 (eg.
287 2767 362 2823 doleo,
371 2768 476 2829 gaudeo,
485 2784 620 2825 srascenseo,
627 2776 716 2831 pavea,

222 2835 294 2896 piget,
323 2833 392 2897 etc),
415 2833 499 2882 where
527 2835 592 2885 later
620 2835 718 2884 writers

223 2898 327 2965 employ
344 2902 417 2963 quod,
437 2900 544 2950 Plautus
569 2916 629 2951 uses
648 2903 716 2965 quia,

223 2967 249 3014 in
288 2966 447 3032 conformity
486 2968 548 3016 with
577 2968 717 3032 colloquial

222 3166 255 3215 ci.
276 3169 402 3224 delectare,
429 3181 556 3216 1.-non
579 3183 717 3232 possum:

222 3233 250 3282 in
266 3249 282 3282 a
298 3234 383 3283 writer
394 3234 483 3283 whose
499 3235 564 3299 style
582 3235 646 3284 isso
659 3250 717 3283 con-

221 3299 320 3349 densed
348 3299 400 3349 and
423 3301 534 3349 careless
557 3317 586 3350 as
613 3301 635 3350 is
660 3301 717 3350 that

221 3365 251 3414 of
279 3367 405 3416 Lucceius
430 3366 473 3429 (cf.
496 3383 605 3431 quorum
631 3384 716 3416 conm-

220 3433 274 3490 ests,
293 3433 429 3481 aeuthim
448 3433 603 3492 discesseras,
621 3433 674 3482 and
693 3435 718 3481 si

770 2366 915 2432 asyndeton
939 2368 961 2416 is
983 2375 1031 2417 not
1054 2367 1270 2416 remarkable.-

771 2434 995 2484 sollicitudines:
1018 2432 1144 2499 probably
1166 2449 1183 2482 a
1205 2449 1269 2498 gen·

770 2501 830 2550 uine
847 2501 938 2564 plural.
980 2500 1030 2558 Ch,
1047 2500 1176 2558 however,
1195 2501 1269 2559 Brix,

775 2569 847 2616 Trin.
859 2581 917 2631 490,
929 2566 981 2616 and
998 2569 1106 2624 Lorenz,
1119 2568 1211 2616 Pseud,
1224 2567 1269 2616 In-

769 2634 837 2683 trod.
854 2633 1057 2700 57.-elevare
1076 2670 1083 2684 .
1103 2668 1110 2682 .
1129 2667 1137 2682 .
1155 2642 1185 2683 te
1204 2669 1211 2682 .
1230 2669 1239 2682 .
1260 2669 1268 2682 .

769 2701 897 2766 postulat
908 2719 914 2749 :
928 2702 1030 2765 postulo
1039 2698 1163 2750 followed
1174 2700 1208 2766 by
1219 2701 1268 2750 the

769 2784 822 2818 acc.
837 2767 889 2817 and
900 2767 946 2816 ini.
962 2767 985 2817 is
1002 2767 1127 2816 Plautine.
1152 2766 1268 2830 Ct.,e.g.,

774 2836 845 2883 Trin.
865 2848 911 2898 ²37
931 2850 1072 2898 numquam
1090 2850 1165 2882 amor
1180 2850 1268 2897 quem·

769 2917 845 2965 quam
865 2902 919 2950 nisi
941 2902 1062 2965 cupidum
1081 2901 1208 2948 hominem
1221 2908 1269 2962 pa

768 2970 849 3017 stulat
860 2984 888 3016 se
904 2969 933 3015 in
946 2969 1039 3032 plagas
1055 2969 1171 3017 conicere.

803 3049 825 3100 3.
850 3034 875 3084 si
887 3034 957 3098 quid
968 3041 1067 3083 nostra
1078 3047 1168 3084 causa
1180 3033 1238 3083 vis:
1251 3049 1269 3082 a

768 3102 863 3164 phrase
884 3101 953 3150 from
977 3101 1022 3149 the
1044 3117 1126 3150 sermo
1148 3101 1269 3149 urbanus

770 3168 899 3232 (Bdckel).
952 3166 994 3216 Cf.
1023 3169 1093 3216 Fam.
1115 3181 1152 3232 13.
1169 3181 1211 3229 71.
1232 3195 1270 3204 —

768 3234 936 3292 obtundere,
948 3241 973 3282 to
989 3236 1039 3283 tire
1051 3240 1096 3282 out
1107 3233 1152 3299 (by
1164 3233 1269 3298 talking

768 3317 798 3350 or
816 3302 947 3367 writing);
971 3316 987 3349 a
1008 3300 1121 3349 favorite
1146 3300 1217 3349 word
1240 3301 1269 3350 in

769 3368 877 3417 Plautus
900 3366 952 3416 and
981 3367 1104 3416 Terence.
1118 3393 1153 3402 -
1168 3366 1270 3416 delec-

767 3441 844 3483 tare:
861 3433 894 3483 cf.
907 3434 1035 3490 delectare,
1047 3432 1138 3482 above.
