2814 4330
143 311 216 358 Fam.
232 321 269 375 15.
282 309 318 374 4.]
480 307 648 357 CICERO’S
673 309 847 358 LETTERS.
1140 309 1190 362 129

140 477 338 552 arbitrarer;
361 485 396 538 te
413 474 558 558 denique
582 475 729 552 memini,
748 497 823 540 cum
849 476 980 541 cuidam
1005 476 1189 542 clarissimo

140 594 245 667 atque
258 584 385 666 optimo
397 583 469 646 viro
483 583 760 665 supplicationem
774 605 841 648 non
855 585 1063 662 decerneres,
1078 587 1189 650 dicere

140 703 176 756 te
194 694 416 768 decreturum,
436 692 464 754 si
482 691 664 755 referretur
686 694 729 755 ob
752 713 808 756 eas
834 713 887 757 res
911 715 994 776 quas
1018 695 1047 758 is
1071 695 1188 759 consul

141 803 176 864 in
195 802 278 864 urbe
295 801 474 882 gessisset;
498 810 536 863 tu
556 799 653 863 idern-
668 801 750 863 mihi
775 801 1053 884 supplicationem
1078 803 1189 866 decre-

140 909 222 972 visti
247 918 372 990 togato,
398 928 475 984 non,
502 918 539 971 ut
565 908 689 984 multis,
712 930 747 972 re
766 930 798 991 p.
819 910 906 973 bene
930 919 1036 993 gesta,
1061 905 1129 987 sed,
1152 921 1188 974 ut

142 1017 281 1092 nemini,
303 1037 339 1079 re
361 1037 391 1098 p.
411 1026 617 1081 conservata.
667 1017 769 1080 Mitto
793 1018 882 1100 quod
906 1018 1074 1094 invidiam,
1101 1019 1189 1102 quod
1210 1043 1238 1078 12

142 1125 300 1209 pericula,
325 1126 413 1208 quod
438 1125 547 1196 omnis
571 1145 663 1188 meas
688 1135 909 1207 tempestates
935 1136 968 1189 et
991 1105 1132 1191 subieris
1155 1137 1189 1191 et

142 1235 251 1297 multo
280 1234 381 1297 etiam
407 1234 523 1316 magis,
551 1233 579 1296 si
607 1253 667 1315 per
692 1254 745 1297 me
771 1234 932 1310 licuisset,
960 1236 1072 1298 subire
1100 1256 1190 1319 para-

143 1343 297 1405 tissimus
324 1341 440 1416 fueris,
467 1342 558 1424 quod.
584 1341 728 1425 denique
756 1342 928 1407 inimicum
954 1364 1065 1407 meum
1094 1354 1189 1408 tuum

143 1450 318 1514 inimicum
350 1449 489 1531 putaris,
520 1449 615 1513 cuius
644 1450 745 1513 etiam
775 1450 957 1526 interitum,
988 1472 1063 1515 cum
1091 1452 1190 1516 facile

144 1559 378 1640 intellegerem
400 1557 482 1620 mihi
498 1567 661 1640 quantum
686 1558 862 1633 tribueres,
883 1559 1019 1622 Milonis
1040 1581 1140 1624 causa
1157 1563 1190 1623 in

144 1675 267 1730 senatu
284 1665 495 1729 defendenda
511 1666 715 1747 adprobatis.
765 1666 799 1728 A
812 1687 866 1729 me
882 1677 993 1730 autem
1012 1669 1095 1732 haec
1113 1678 1191 1731 sunt

144 1774 298 1857 profecta
322 1794 407 1856 quae
434 1794 501 1836 non
531 1793 594 1856 ego
620 1774 653 1836 in
678 1775 821 1838 benefici
846 1775 921 1839 loco
948 1796 1046 1857 pono,
1073 1777 1132 1839 sed
1157 1777 1190 1839 in

143 1883 216 1946 veri
246 1882 418 1945 testimoni
446 1891 547 1964 atque
575 1882 687 1957 iudici,
708 1891 751 1945 ut
780 1884 1087 1964 praestantissimas
1115 1894 1191 1949 tuas

144 1991 290 2054 virtutes
303 2011 370 2053 non
387 1990 510 2054 tacitus
528 1990 847 2073 admirarer—quis
861 1991 950 2054 enim
964 1991 996 2054 id
1010 2012 1077 2054 non
1090 1993 1190 2057 lacit?

144 2099 262 2162 —sed
278 2099 313 2160 in
331 2099 486 2161 omnibus
509 2098 726 2174 orationibus,
745 2099 923 2162 sententiis
940 2099 1100 2175 dicendis,
1119 2121 1192 2164 cau-

145 2208 193 2272 sis
222 2208 370 2290 agendis,
400 2207 556 2270 omnibus
585 2207 730 2288 scriptis,
759 2206 895 2272 Graecis
930 2207 1071 2283 Latinis,
1100 2210 1191 2272 omni

145 2316 292 2398 denique
312 2315 473 2379 varietate
496 2315 683 2378 litterarum
708 2335 857 2379 mearum
878 2325 913 2378 te
935 2336 1002 2378 non
1028 2316 1127 2379 modo
1152 2317 1192 2380 iis

145 2444 231 2508 quos
246 2423 457 2498 vidissemus,
472 2423 531 2485 sed
548 2423 589 2486 iis
606 2424 648 2486 de
664 2423 785 2505 quibus
802 2423 1022 2499 audissemus,
1037 2425 1192 2488 omnibus

145 2532 359 2596 anteferrem.
410 2531 562 2614 Quaeres
592 2531 736 2596 fortasse
763 2531 843 2614 quid
868 2532 911 2594 sit
928 2532 1017 2614 quod
1041 2552 1105 2615 ego
1129 2533 1192 2597 hoc
1213 2565 1242 2617 13

145 2739 247 2790 stowed
257 2755 327 2802 upon
338 2739 430 2788 Cicero
440 2739 485 2788 the
495 2739 550 2787 title
560 2744 646 2800 ‘pater
694 2739 787 2796 lutum,
800 2754 861 2788 nam
874 2774 880 2786 .
894 2775 900 2786 .
913 2774 919 2786 .
931 2746 956 2787 et
965 2740 1079 2788 studebat
1089 2741 1117 2788 in
1130 2743 1193 2802 peri-

141 2805 346 2870 patriae'in63
359 2806 645 2855 R.c.—cuidamcla·
695 2806 763 2853 tione
792 2807 938 2854 consulatus
968 2807 1067 2854 Miloni
1095 2814 1120 2855 et
1152 2824 1194 2856 reo

146 2873 280 2922 tissimo:
309 2874 335 2920 Ρ.
357 2873 494 2922 Cornelius
519 2873 645 2921 Lentulus
695 2872 1066 2938 afferrat-orationibus:
1084 2889 1128 2936 eg.
1142 2882 1193 2936 pro

148 2941 279 3003 Spinther,
299 2954 349 2988 one
368 2939 397 2988 of
420 2939 535 2988 Cicero’s
557 2938 646 3001 prede·
695 2939 770 2987 Mur.
789 2951 819 3004 54
836 2940 875 2987 M.
896 2941 963 2997 Cato,
981 2940 1055 2988 homo
1073 2942 1101 2988 in
1122 2943 1194 2988 omni

146 3021 249 3056 cessors
258 3007 285 3054 in
295 3005 394 3054 Cilicia.
420 3006 463 3054 He
475 3005 644 3054 hadsecured
695 3007 791 3055 virtute
807 3007 951 3064 excellens,·
963 3012 1014 3067 pro
1031 3008 1092 3055 Sest.
1110 3021 1139 3054 12
1152 3008 1192 3055 M.

146 3073 288 3135 atriumpb
301 3073 328 3120 in
343 3087 369 3137 51
386 3084 446 3132 B.c.;
465 3071 561 3120 cf.Att.
574 3083 644 3137 5.21.
698 3074 765 3129 Cato,
785 3073 948 3136 fortissimus
978 3080 1054 3136 atque
1084 3076 1193 3135 optimus

147 3140 399 3200 4.-decerneres:
412 3139 646 3202 ashorterexpres-
696 3140 776 3196 cium
788 3146 840 3200 pro
855 3140 928 3187 Mur.
941 3138 970 3187 61
991 3141 1020 3186 in
1039 3141 1076 3188 M.
1091 3142 1191 3199 Catone,

146 3208 205 3256 sion
224 3205 268 3254 for
285 3207 466 3254 decernendam
488 3221 646 3254 censeren-
695 3207 798 3262 iudices,
821 3205 882 3255 haec
903 3207 966 3254 bona
989 3222 1069 3269 quae·
1077 3208 1192 3256 videmus

146 3277 185 3323 ob
203 3286 254 3322 eas
273 3286 336 3321 res:
357 3272 398 3320 his
411 3272 502 3320 efforts
514 3280 542 3320 to
555 3287 645 3324 secure
695 3271 786 3320 debinc
797 3278 822 3320 et
835 3273 941 3335 egregia,
954 3274 1036 3334 ipsius
1046 3275 1129 3322 scitote
1143 3289 1193 3322 esse

147 3340 263 3390 Cicero's
276 3339 352 3388 recall
361 3338 429 3387 from
442 3338 607 3386 banishment
618 3339 645 3387 in
692 3339 808 3400 propria.
856 3339 944 3387 While
972 3339 1119 3406 respecting
1148 3339 1192 3389 the

148 3419 177 3472 57
193 3417 353 3455 rac-non
366 3413 398 3455 ut
411 3405 519 3464 multis,
536 3412 595 3454 etc:
611 3405 643 3453 cf.
696 3404 862 3468 uprightness
880 3405 909 3454 of
928 3406 1005 3464 Cato,
1024 3406 1116 3455 Cicero
1135 3422 1193 3454 con·

145 3476 175 3522 in
191 3475 245 3523 Cat.
258 3487 281 3531 4.
295 3487 333 3520 20.
695 3470 797 3520 sidered
821 3471 874 3520 him
895 3471 1001 3535 lacking
1019 3472 1046 3521 in
1067 3473 1192 3522 tactand

183 3553 222 3588 12.
252 3539 409 3588 inimicum*
436 3553 552 3588 meum:
582 3538 644 3587 with
694 3537 847 3603 judgment;
876 3539 909 3587 cl.
930 3555 973 3600 ng.
994 3541 1047 3587 An.
1075 3553 1095 3586 1.
1119 3538 1190 3601 18.7

146 3606 244 3669 special
269 3605 400 3654 reference
428 3613 457 3654 to
487 3605 646 3654 Clodius-
694 3611 772 3654 curat
794 3605 857 3669 (rem
882 3605 1024 3669 publicam)
1050 3609 1192 3656 constantia

147 3673 268 3722 Milonis
289 3685 388 3732 causa,
406 3679 473 3721 etc:
494 3671 527 3721 cl.
547 3673 643 3721 Ascon.
694 3673 776 3734 magis
791 3680 816 3721 et
830 3673 1011 3736 integritate..
1025 3689 1119 3737 .quam
1139 3689 1193 3722 con·

145 3742 174 3788 in
188 3741 248 3788 Mil.
261 3754 286 3802 p.
298 3739 449 3804 53suerunt
458 3740 505 3802 qui
514 3740 645 3788 crederent
694 3740 753 3788 silio
769 3744 816 3787 aut
831 3740 933 3802 ingenio
953 3740 1020 3789 Cato.
1029 3767 1063 3774 —
1073 3739 1193 3790 Graecis

146 3807 187 3856 M.
202 3807 306 3856 Catonis
316 3808 438 3855 sententia
450 3821 506 3854 eum
519 3821 569 3854 erse
579 3805 645 3853 abso·
696 3805 820 3855 Latinis:
838 3805 998 3870 cf.1ntr.94
