2814 4330
227 292 261 346 98
568 289 736 339 CICERO'S
761 286 934 337 LETTERS.
1095 286 1157 352 [Ep.
1171 286 1283 336 XXIV.

1378 378 1379 430 l

224 460 399 547 Tyrannio
417 470 468 522 est
486 467 644 523 cessator.
696 456 885 540 Chrysippo
900 454 1025 532 dicam;
1049 455 1108 518 sed
1129 475 1183 517 res
1200 475 1284 537 ope-

229 590 305 634 rosa
326 578 378 632 est
402 577 436 631 et
460 567 603 630 hominis
628 564 867 647 perdiligentis.
918 562 1036 627 Sentio
1059 563 1140 645 ipse,
1158 563 1218 646 qui
1245 564 1283 626 in
1379 630 1380 644 χ

230 698 359 743 summo
385 676 495 740 studio
519 675 600 738 nihil
632 674 805 756 adsequor.
857 673 910 736 De
944 672 1072 736 Latinis
1096 692 1176 735 vero
1208 692 1283 755 quo

229 808 283 851 me
307 797 434 850 vertam
460 785 589 863 nescio;
613 785 660 848 ita
683 785 843 848 mendose
868 784 1103 848 exscribuntur
1127 792 1161 846 et
1177 802 1282 847 vene-

230 905 301 971 unt,
325 896 393 959 sed.
408 902 522 958 tamen
548 895 636 976 quod
662 894 733 957 fieri
757 893 878 975 poterit
905 913 972 956 non
998 892 1184 975 neglegam.
1237 891 1280 956 C.

232 1003 380 1076 Rebilus,
400 1013 436 1067 ut
454 1012 533 1066 ante
550 1003 591 1065 ad
608 1011 643 1065 te
659 1002 783 1083 scripsi,
804 1002 932 1064 Romae
957 1010 1020 1076 est,
1038 1009 1073 1063 et
1089 1000 1146 1083 qui
1163 1001 1282 1063 omnia

229 1113 367 1188 adiurat,
386 1112 509 1175 debere
526 1111 586 1174 tibi
602 1111 697 1174 valde
722 1110 924 1174 renuntiant.
975 1109 1028 1172 De
1044 1108 1171 1172 aerario
1193 1117 1282 1190 puto

230 1221 422 1285 coniectum
441 1240 525 1295 esse,
544 1220 623 1282 dum
640 1220 767 1284 absum.

197 1356 210 1404 7
278 1329 448 1412 Quattuor
472 1328 661 1411 tragoedias
687 1327 832 1392 sedecim
847 1327 967 1390 diebus
991 1326 1174 1395 absolvisse
1199 1346 1280 1390 cum

231 1437 366 1512 scribas,
385 1445 422 1500 tu
440 1418 616 1519 quicquam
636 1436 678 1500 ab
695 1435 761 1498 alio
784 1435 970 1499 mutuaris?
996 1443 1029 1498 et
1054 1430 1162 1500 πάθος
1178 1455 1281 1517 quae-

231 1546 284 1622 ris,
311 1566 387 1609 cum
413 1544 582 1609 Electram
608 1554 642 1608 et
667 1544 837 1628 Aeropam
862 1543 1062 1626 scripseris?
1117 1542 1281 1607 Cessator

231 1674 306 1717 esse
333 1652 401 1716 noli
427 1662 461 1716 et
486 1652 566 1716 illud
592 1648 695 1732 γνῶθι
718 1649 857 1718 σεαυτὸν
881 1651 950 1715 noli
976 1660 1094 1734 putare
1120 1651 1161 1714 ad
1185 1652 1281 1714 adro

156 1744 160 1752 ¹
231 1762 378 1844 gantiam
403 1762 617 1825 minuendam
642 1761 751 1825 solum
776 1781 852 1825 esse
875 1761 1011 1836 dictum,
1037 1780 1152 1823 verum
1176 1760 1280 1822 etiam

232 1879 269 1934 ut
295 1871 382 1934 bona
407 1879 523 1933 nostra
546 1869 704 1934 norimus
758 1869 826 1934 Sed
852 1879 887 1933 et
914 1869 995 1932 istas
1027 1878 1061 1932 et
1094 1867 1278 1950 Erigonam

231 1978 313 2043 mihi
327 1977 426 2042 velim
443 1978 567 2042 mittas.
611 1979 729 2042 Habes
745 1979 882 2042 adduas
899 1976 1060 2061 epistulas
1076 1976 1254 2060 proximas.

553 2187 685 2252 XXIV.
721 2188 827 2274 (Fam.
847 2203 877 2270 7.
900 2189 964 2274 16.)

499 2345 536 2394 Μ.
554 2345 695 2395 CICERO
719 2346 745 2395 S.
765 2347 799 2394 D.
817 2347 1014 2398 TREBATIO.

202 2511 211 2546 1
280 2479 320 2542 ln
347 2478 443 2561 Equo
467 2455 618 2542 Troiano
639 2480 705 2544 scis
729 2500 805 2544 esse
829 2481 862 2543 in
888 2491 1053 2547 extremo:
1079 2494 1173 2547 ‘sero
1196 2482 1279 2566 sapi·

234 2586 316 2651 unt.'
365 2587 418 2650 Tu
443 2596 566 2662 tamen,
593 2588 639 2650 mi
663 2589 785 2664 vetule,
813 2609 879 2652 non
913 2611 996 2654 sero.
1051 2589 1175 2654 Primas
1207 2590 1277 2654 illas

233 2730 308 2777 libris
330 2731 523 2784 commutandis,
543 2730 644 2778 latinis
666 2747 729 2779 carn·
783 2732 887 2780 Electra
895 2731 946 2780 and
956 2733 1071 2797 Erigana
1078 2747 1143 2781 were
1152 2730 1278 2797 probably

228 2797 366 2857 parandis,
384 2797 458 2845 valde
477 2797 553 2844 velim
575 2797 622 2843 ista
641 2798 730 2861 confici
784 2799 950 2847 translations
961 2798 991 2847 of
1008 2799 1080 2864 plays
1099 2799 1129 2846 of
1145 2798 1189 2848 the
1207 2814 1278 2848 same

235 2897 240 2908 .
254 2898 260 2908 .
274 2897 288 2919 .,
300 2863 345 2909 sed
353 2879 395 2924 ega
406 2863 473 2910 mihi
484 2864 534 2924 ipsi
544 2864 591 2910 ista
602 2871 728 2928 perquem
782 2880 859 2914 name
871 2864 904 2930 by
917 2865 1069 2928 Sophocles.
1101 2865 1159 2914 The
1171 2865 1278 2929 original

233 2944 307 2990 agam
343 2945 394 2976 nan
427 2930 509 2976 habeo.
522 2957 556 2966 -
574 2929 729 2991 Tyrannio,
783 2931 812 2980 of
829 2932 873 2980 the
885 2934 987 2994 Ai'rapa
1005 2933 1027 2981 is
1044 2940 1092 2981 not
1109 2931 1205 2980 known
1217 2932 1276 2980 with

236 2995 416 3058 Chrysippo:
440 3004 529 3059 expett
552 2997 676 3054 librarii,-
697 2997 730 3046 cf.
783 2999 915 3063 certainty.
929 2998 971 3046 Cf.
982 2997 1108 3055 Ribbeck,
1117 3000 1190 3047 Rim.
1204 3000 1277 3062 Trag.

236 3062 283 3124 Ep.
298 3062 388 3109 XVII.
404 3063 512 3111 1.-ita
529 3063 667 3112 mendose
684 3077 733 3113 ex·
783 3080 826 3128 pp.
839 3065 963 3128 619-621,
976 3064 1027 3114 and
1041 3065 1174 3122 Biicheler,
1189 3064 1278 3125 Quinti

235 3128 415 3177 scribuntur:
434 3144 466 3177 an
479 3129 632 3192 interesting
648 3131 685 3179 bit
704 3130 732 3178 of
786 3133 914 3180 Ciceronis
942 3133 1083 3196 Reliquiae,
1112 3130 1279 3196 roqueta

235 3194 402 3243 information
421 3195 447 3243 in
468 3195 560 3259 regard
580 3205 607 3244 to
626 3197 670 3246 the
689 3213 732 3245 un·
783 3197 912 3248 σεαυτὸνε
932 3199 975 3248 the
992 3199 1144 3262 inscription
1161 3213 1225 3248 over
1236 3199 1278 3247 the

236 3262 456 3311 trustworthiness
480 3263 509 3310 of
532 3263 653 3326 copyists.
689 3263 731 3312 Cf.
784 3272 905 3314 entrance
918 3273 946 3313 to
964 3265 1009 3315 the
1026 3266 1122 3328 temple
1137 3265 1166 3314 of
1184 3265 1278 3329 Apollo

235 3328 291 3377 also
313 3327 374 3384 Birt,
391 3330 448 3377 Das
466 3330 551 3377 anate
567 3331 731 3387 Buchwesen,
784 3340 811 3380 at
834 3332 1162 3396 Delphi-Erigonam:
1187 3333 1278 3381 Cicero

237 3408 338 3443 222.—
354 3396 386 3445 C.
408 3396 546 3446 Rebilus:
571 3396 697 3462 probably
717 3413 733 3446 a
784 3397 839 3447 first
857 3398 937 3448 refers
956 3406 983 3447 to
1003 3399 1055 3448 this
1074 3400 1145 3448 work
1162 3399 1189 3447 in
1208 3399 1278 3462 Sept.

236 3462 369 3510 centurion
394 3462 420 3510 in
441 3463 577 3522 Quintus’s
592 3463 678 3526 legion
698 3477 732 3511 on
786 3464 828 3528 (cf.
849 3465 880 3525 Q.
890 3466 932 3530 fr.
951 3479 973 3530 3.
994 3479 1015 3513 1.
1036 3465 1085 3530 13).
1121 3466 1146 3514 It
1164 3464 1216 3514 had
1234 3474 1279 3514 not

236 3527 357 3590 furlough
371 3529 396 3577 in
412 3530 495 3578 Rome
506 3530 733 3594 (Tyrreni-qui
784 3531 896 3580 reached
908 3531 970 3590 him,
980 3532 1108 3590 however,
1117 3532 1144 3581 in
1158 3533 1221 3581 Dec.
1237 3531 1278 3595 (cl.

236 3595 343 3658 omnia,
357 3604 417 3644 etc:
435 3611 479 3644 see
494 3596 557 3644 Crit.
572 3596 734 3660 Append-
786 3598 815 3657 Q.
821 3598 863 3662 fr.
874 3612 896 3663 3.
909 3611 932 3662 9.
945 3598 980 3660 6),
993 3598 1045 3648 and
1062 3597 1096 3648 he
1110 3597 1179 3648 fears
1192 3598 1249 3647 that
1260 3599 1279 3646 it

236 3661 271 3708 de
290 3661 413 3710 aerarior
439 3663 483 3712 the
501 3661 631 3712 reference
648 3663 672 3712 is
690 3678 734 3712 un·
785 3664 833 3714 has
842 3664 909 3714 been
918 3666 970 3714 lost
979 3680 1013 3713 on
1022 3665 1067 3715 the
1074 3681 1170 3730 way.—
1177 3666 1277 3715 habea:

236 3726 339 3775 known.
376 3727 416 3776 Cf.
432 3729 461 3788 Q.
466 3730 507 3792 sr.
521 3742 544 3792 3.
556 3743 579 3788 4.
595 3743 615 3793 5.
784 3747 816 3779 sc.
829 3739 984 3793 responsum.

270 3804 293 3853 7.
313 3793 459 3843 Electram
472 3802 500 3843 et
514 3796 675 3859 Aeropam:
689 3797 733 3846 the
819 3798 922 3846 XXIV.
947 3798 1039 3857 Rome,
1053 3800 1130 3858 Nov,
1145 3811 1176 3864 54
1189 3810 1240 3847 nc.
