2814 4328
220 259 269 312 174
555 261 722 312 crcERo’s
748 263 920 313 currens.
1143 266 1206 332 [Ep.
1223 270 1269 318 ct

574 496 631 560 LI.
668 497 771 583 (Fam.
791 514 821 562 2.
844 499 907 581 16.)

425 669 461 719 M.
486 670 625 720 CICERO
650 671 724 719 IMP.
747 671 772 720 S.
795 672 829 720 D.
852 672 887 720 M.
909 673 1055 722 CAELIO.

187 830 198 866 1
266 803 391 886 Magno
408 804 521 867 dolore
543 825 597 868 me
621 805 824 868 adfecissent
849 816 926 869 tuae
950 806 1082 871 litterae
1108 809 1172 876 nisi
1200 811 1267 874 iam

218 922 252 975 et
281 913 366 975 ratio
395 912 467 994 ipsa
490 913 673 994 depulisset
703 934 819 977 omnes
848 915 1017 979 molestias
1046 927 1079 979 et
1105 917 1269 983 diuturna

218 1021 451 1103 desperatione
484 1042 592 1084 rerum
626 1023 838 1090 obduruisset
871 1024 1001 1087 animus
1040 1025 1081 1087 ad
1113 1026 1266 1090 dolorem

218 1149 349 1192 novum.
400 1129 468 1192 Sed
485 1139 597 1192 tamen
615 1149 716 1212 quare
732 1130 889 1194 acciderit
908 1141 943 1194 ut
967 1152 1007 1195 ex
1031 1133 1113 1195 meis
1138 1136 1268 1216 superi-

203 1237 330 1300 oribus
349 1237 470 1300 litteris
490 1237 523 1300 id
548 1237 755 1319 suspicarere
772 1239 860 1321 quod
886 1240 1004 1303 scribis
1029 1241 1157 1317 nesci0;
1184 1244 1266 1325 quid

218 1345 305 1409 enirn
323 1345 355 1407 in
375 1346 437 1409 illis
453 1345 518 1408 fuit
535 1355 668 1428 praeter
686 1346 853 1429 querelam
876 1357 1073 1430 temporum,
1092 1371 1177 1432 quae
1195 1371 1266 1414 non

216 1474 328 1517 meum
356 1455 503 1517 animum
531 1454 638 1536 magis
663 1454 842 1517 sollicitum
869 1455 993 1519 habent
1018 1478 1115 1540 quarn
1141 1461 1266 1522 tuum?

218 1563 305 1625 Nam
335 1582 401 1625 non
430 1583 503 1626 earn
532 1562 674 1645 cognovi
702 1563 807 1626 aciem
838 1563 952 1646 ingeni
984 1565 1041 1640 tui,
1067 1567 1155 1648 quod
1192 1567 1267 1649 ipse

216 1671 356 1746 videam,
368 1681 403 1734 te
420 1670 453 1733 id
469 1680 506 1734 ut
524 1690 591 1733 non
609 1680 724 1753 putem
741 1672 863 1736 videre.
913 1672 999 1736 Illud
1016 1673 1126 1749 miror,
1141 1675 1266 1740 adduci

217 1780 366 1862 potuisse
383 1789 427 1854 te,
445 1779 503 1862 qui
517 1799 571 1842 me
591 1779 726 1861 penitus
748 1800 848 1844 nosse
865 1781 1014 1857 deberes,
1033 1792 1070 1844 ut
1095 1782 1266 1848 existima·

217 1908 270 1951 res
286 1898 344 1951 aut
360 1908 414 1951 me
431 1897 498 1950 tam
520 1888 741 1970 improvidum
757 1888 813 1971 qui
833 1889 875 1952 ab
892 1889 1037 1953 excitata
1059 1890 1197 1955 fortuna
1221 1894 1264 1956 ad

217 1996 409 2060 inclinatam
433 2005 466 2058 et
491 2016 595 2079 prope
617 1997 782 2060 iacentem
799 1997 1030 2074 desciscerem,
1048 2008 1104 2061 aut
1122 2008 1192 2062 tam
1216 2001 1264 2063 in-

217 2114 427 2169 constantem
445 2114 480 2167 ut
499 2105 673 2169 collectam
697 2105 837 2188 gratiam
862 2105 1091 2170 florentissimi
1115 2106 1264 2172 hominis

217 2214 425 2278 effunderem
457 2233 478 2276 a
508 2233 627 2296 meque
660 2213 732 2295 ipse
764 2214 940 2278 deficerem
974 2224 1018 2290 et,
1043 2216 1130 2298 quod
1163 2215 1263 2280 initio

184 2351 198 2388 2
217 2342 413 2405 semperque
430 2321 513 2404 fugi,
532 2321 621 2385 civili
640 2322 728 2386 bello
744 2323 951 2386 interessem.
1002 2322 1101 2406 Quod
1126 2333 1178 2387 est
1204 2324 1264 2407 igi-

216 2441 271 2494 tur
287 2451 397 2494 meum
417 2430 533 2493 ‘triste
554 2430 729 2494 consilium
742 2429 775 2493 '?
822 2431 869 2494 Vt
883 2431 1091 2509 discederem
1116 2431 1264 2496 fortasse

217 2539 250 2603 in
268 2538 392 2622 aliquas
410 2538 616 2603 solitudines.
668 2539 768 2602 Nosti
788 2538 878 2602 enim
895 2559 962 2602 non
980 2539 1078 2602 modo
1096 2541 1263 2603 stomachi

251 2697 294 2745 LI.
309 2696 416 2754 Cumae,
428 2696 490 2761 May
498 2709 522 2756 4,
533 2709 565 2759 49
575 2708 625 2745 iac.
647 2695 712 2745 This
765 2696 798 2745 cf.
808 2696 963 2746 ‘l’hielmann
973 2697 999 2745 in
1009 2697 1118 2762 Arclnſs
1128 2697 1185 2746 Lat.
1196 2698 1262 2747 Lex.

216 2763 238 2812 is
263 2763 377 2813 Cicero's
400 2763 471 2828 reply
494 2771 522 2812 to
547 2764 595 2828 Ep.
620 2764 649 2811 L.
687 2764 709 2811 A
766 2763 801 2812 11.
816 2762 903 2828 372ff.
940 2763 989 2813 See
1001 2764 1058 2812 also
1071 2763 1134 2812 Intr.
1147 2763 1180 2823 84
1192 2765 1263 2812 d.-

216 2829 308 2879 month
326 2829 393 2878 after
411 2829 443 2878 he
459 2838 539 2879 wrote
557 2829 609 2879 this
627 2830 711 2888 letter,
764 2845 832 2880 narn
853 2845 911 2880 non
935 2845 1008 2889 earn,
1028 2839 1086 2888 etc,
1096 2831 1145 2894 sor
1162 2832 1183 2878 Ι
1196 2832 1263 2880 have

216 2897 242 2946 in
260 2896 342 2946 which
361 2896 394 2944 he
412 2895 543 2946 disclaims
564 2911 614 2961 any
630 2896 712 2946 inten·
763 2899 923 2961 appreciated
943 2909 1014 2960 your
1035 2899 1197 2961 penetrativa
1221 2906 1262 2946 too

216 2964 271 3012 tion
284 2963 313 3013 oi
330 2963 431 3027 joining
443 2963 487 3011 the
501 2964 666 3026 Pompeiam,
678 2964 711 3013 he
763 2965 822 3013 well
838 2971 862 3012 to
875 2971 979 3027 suppose
990 2965 1048 3012 that
1052 2980 1105 3026 you
1116 2965 1147 3010 do
1164 2971 1208 3012 not
1223 2981 1263 3013 see
1364 3015 1369 3027 ,

215 3038 255 3080 set
267 3038 314 3079 out
325 3030 369 3078 for
380 3029 425 3078 the
438 3030 509 3078 East.
544 3029 609 3079 This
626 3046 711 3080 seems
762 3032 921 3079 wkotlsee.
957 3031 1072 3080 Cicero’s
1090 3030 1151 3093 high
1170 3045 1261 3094 appre-

215 3105 243 3145 to
256 3096 288 3146 be
300 3113 316 3145 a
332 3096 409 3144 frank
421 3103 570 3154 statement,
582 3097 711 3155 however,
762 3098 858 3146 ciation
876 3097 905 3144 of
926 3097 972 3146 the
989 3097 1103 3160 political
1121 3095 1261 3160 judgment

215 3163 244 3212 oi
256 3163 370 3214 Cicero's
381 3163 523 3212 intentioris
536 3172 562 3212 at
575 3164 619 3212 the
632 3164 702 3213 time.
762 3163 814 3212 and
822 3163 949 3226 foresight
957 3163 987 3211 of
995 3163 1159 3213 Caeliuswas
1166 3163 1260 3212 shown

251 3245 271 3278 r.
290 3230 364 3280 meis
377 3230 573 3293 superioribus
589 3229 711 3279 litteris:
762 3230 796 3296 by
808 3230 847 3278 his
860 3231 984 3279 selection
997 3230 1026 3286 oi
1044 3229 1097 3278 him
1110 3245 1138 3278 as
1151 3229 1192 3279 his
1203 3246 1262 3293 spe-

214 3297 247 3346 cf.
257 3299 309 3345 tuis
319 3298 416 3353 litteris,
430 3297 477 3360 Ep.
489 3299 518 3345 L.
531 3310 540 3344 1
554 3313 578 3345 n.
588 3325 621 3332 -
631 3297 710 3347 solli·
762 3297 810 3346 cial
822 3296 1024 3360 correspondent
1036 3297 1062 3344 in
1077 3309 1157 3362 51-50
1166 3308 1217 3345 Bc.
1226 3325 1262 3334 —

214 3364 303 3414 citum
338 3365 464 3413 habent:
499 3362 544 3412 the
573 3365 710 3430 analytica]
762 3364 906 3413 hominis:
924 3366 963 3412 tie.
978 3365 1100 3412 Caesaris.

213 3430 322 3479 method
346 3431 375 3479 of
402 3430 515 3492 forming
544 3429 588 3480 the
611 3431 710 3493 perfect
796 3445 817 3478 2.
837 3431 918 3479 triste
937 3430 1109 3479 consilium:
1131 3429 1191 3478 with
1211 3431 1262 3479 ref-

214 3505 310 3556 tenses,
324 3513 353 3546 as
365 3496 512 3546 illustrated
529 3497 563 3561 by
575 3499 651 3546 habeo
661 3498 710 3545 dic·
762 3513 852 3556 erence
865 3497 991 3562 probably
1001 3505 1028 3546 to
1038 3503 1075 3544 te.
1087 3533 1093 3544 .
1105 3497 1261 3554 ostendisti,

213 3571 267 3612 tum
296 3563 339 3612 for
361 3565 426 3621 dixi,
450 3563 532 3612 which
557 3578 630 3612 came
654 3564 709 3611 into
762 3565 808 3628 Ep.
828 3565 856 3611 L.
872 3578 892 3620 1,
906 3562 958 3612 and
976 3571 1003 3611 to
1021 3571 1093 3611 tuum
1113 3564 1261 3620 consilium,

213 3644 300 3692 vogue
322 3630 348 3677 in
373 3630 424 3678 late
449 3630 525 3678 Latin
549 3628 601 3678 and
621 3630 647 3678 in
665 3629 710 3678 the
761 3638 818 3687 etc,
840 3632 869 3678 L.
888 3629 1153 3694 3.—solitudines:
1179 3629 1262 3678 Dola·

214 3695 348 3744 Romance
382 3697 532 3759 languages,
564 3694 710 3759 developed
761 3695 836 3754 bela,
855 3711 871 3744 a
891 3695 943 3744 few
959 3696 1045 3745 weeks
1068 3697 1140 3752 later,
1157 3695 1184 3744 in
1210 3696 1262 3760 Ep.

213 3767 260 3809 out
272 3760 302 3809 ot
317 3761 381 3810 such
394 3761 586 3811 combinatione
598 3777 626 3811 as
639 3762 691 3811 this
703 3781 709 3821 3
761 3763 821 3811 LII.
834 3777 857 3828 3,
869 3771 990 3825 suggests
1006 3777 1022 3811 a
1033 3762 1131 3812 similar
1147 3762 1216 3825 plan.
1225 3789 1262 3800 -
