2780 4332
139 233 217 282 Fam.
236 228 340 296 11.28.]
484 227 653 277 clcuno’s
678 217 852 277 narrans.
1144 227 1195 281 269

141 398 193 462 rei
221 420 252 481 p.
280 395 387 460 luisse
419 395 547 460 utilem.
608 394 677 460 Sed
701 415 769 458 uon
794 415 892 478 agam
923 404 1061 460 astute:
1085 395 1196 460 fateor

142 526 200 570 me
216 507 258 569 ad
275 505 377 568 istum
399 504 539 586 gradum
558 502 742 586 sapientiae
763 523 830 566 nou
851 503 1060 586 pervenisse;
1085 524 1195 588 neque

144 613 237 678 enim
280 613 458 677 Caesarem
495 612 529 674 in
562 611 773 675 dissensione
810 611 898 675 civili
935 631 1009 675 sum
1045 621 1192 688 secutus,
1242 609 1243 612 ’

146 723 207 786 sed
230 720 385 785 amicum.
436 719 647 803 Quamquam
681 739 716 782 re
748 719 953 796 offendebat,
980 729 1094 784 tamen
1126 741 1194 784 non

146 829 291 904 deserui,
310 849 419 912 neque
442 827 567 892 bellum
585 847 730 910 unquam
751 827 846 891 civile
868 838 925 891 aut
943 828 1044 892 etiam
1062 849 1195 893 causam
1280 825 1282 829 ’

147 937 370 1002 dissensionis
386 936 532 1020 probavi,
552 955 651 1019 quam
676 935 777 998 etiam
802 946 998 1000 nascentem
1023 936 1195 1020 exstingui

148 1065 277 1111 summe
302 1045 424 1110 studui.
476 1044 595 1127 Itaque
623 1043 657 1106 in
685 1043 825 1107 victoria
855 1042 1001 1107 hominis
1019 1045 1197 1109 necessarii

146 1174 260 1237 ,neque
285 1152 421 1216 honoris
441 1172 555 1235 neque
580 1151 743 1235 pecuniae
767 1151 943 1216 dulcedine
967 1174 1040 1217 sum
1065 1163 1193 1237 captus,

147 1262 271 1346 quibus
301 1259 457 1343 praemiis
486 1259 614 1344 reliqui,
644 1259 755 1324 minus
785 1262 872 1342 apud
900 1281 976 1324 eum
1005 1283 1103 1344 quam
1132 1283 1194 1345 ego

147 1391 225 1435 cum
254 1378 404 1457 possent,
434 1369 652 1432 immoderate
681 1377 761 1432 sunt
790 1369 894 1433 abusi.
945 1369 1060 1453 Atque
1093 1371 1194 1435 etiam

145 1499 202 1543 res
231 1477 403 1542 familiaris
432 1497 507 1540 mea
533 1476 608 1559 lege
637 1477 789 1541 Caesaris
816 1477 989 1541 deminuta
1013 1488 1074 1555 est,
1101 1479 1194 1543 cuius

145 1586 314 1651 beneficio
331 1585 481 1668 plerique
502 1585 558 1668 qui
580 1584 732 1649 Caesaris
750 1595 858 1649 morte
879 1586 1047 1650 laetantur
1068 1607 1195 1652 reman-

145 1704 267 1759 serunt
290 1693 490 1758 incivitate.
541 1693 678 1757 Civibus
698 1693 793 1757 victis
816 1704 853 1756 ut
876 1691 1071 1776 parceretur
1089 1716 1195 1779 aeque

146 1823 187 1866 ac
209 1823 271 1885 pro
295 1822 369 1865 mea
388 1800 496 1893 salute
521 1800 674 1865 laboravi.
726 1802 863 1865 Possum
881 1803 990 1885 igitur,
1010 1803 1067 1886 qui
1085 1804 1195 1868 omnis
1213 1833 1228 1884 3
1284 1799 1286 1802 ’

146 1909 311 1974 voluerim
351 1909 536 1984 incolumis,
570 1929 645 1971 eum
679 1931 698 1972 a
730 1930 795 1992 quo
828 1910 860 1973 id
892 1911 1106 1992 impetratum
1142 1921 1194 1976 est

147 2018 279 2102 perisse
304 2038 371 2092 non
396 2017 574 2100 indignari,
602 2038 677 2081 cum
711 2017 905 2099 praesertim
930 2019 1017 2086 idem
1043 2020 1195 2084 homines

147 2126 198 2190 illi
230 2136 265 2190 et
296 2125 442 2210 ¹invidiae
473 2135 507 2188 et
539 2124 640 2188 exitio
679 2126 829 2188 fuerint?
878 2109 1059 2191 '‘Plecteris
1092 2126 1193 2211 ergo,’

147 2233 318 2318 inquiunt,
341 2233 518 2316 ‘quoniam
543 2234 670 2297 factum
692 2243 844 2297 nostrum
866 2233 1052 2317 improbare
1069 2234 1193 2300 audes'

150 2343 182 2408 O
209 2341 401 2426 superbiam
425 2340 617 2416 inauditam,
636 2342 717 2405 alio's
735 2343 769 2405 in
786 2342 935 2406 facinore
959 2343 1102 2426 gloriari,
1122 2344 1195 2410 aliis

149 2471 194 2516 ne
226 2450 340 2514 dolere
368 2449 502 2534 quidem
534 2449 688 2532 inpunite
719 2450 835 2515 licere!
899 2451 948 2515 At
981 2452 1063 2516 haec
1095 2453 1195 2518 etiam

148 2619 182 2652 sc.
205 2574 328 2659 dicenda,·
352 2601 384 2652 cf.
409 2615 432 2662 4.
457 2599 548 2650 below.
595 2601 648 2650 For
698 2602 814 2660 Italiam,
834 2601 947 2665 limiting
974 2602 1020 2651 the
1048 2611 1138 2653 extent
1166 2611 1194 2654 to

150 2669 196 2719 the
207 2683 279 2718 same
293 2683 337 2718 use
350 2668 379 2717 of
394 2670 502 2726 vincere,
514 2668 548 2716 cf.
563 2668 647 2717 Plaut.
698 2668 782 2718 which
806 2667 870 2716 land
887 2669 964 2718 could
982 2669 1015 2718 be
1034 2672 1194 2734 mortgaged

149 2737 227 2784 Most.
238 2747 269 2800 95
276 2736 389 2800 prosecta
399 2752 449 2785 esse
461 2769 467 2782 .
483 2769 488 2782 .
504 2771 509 2782 .
521 2751 581 2784 vera
591 2737 648 2783 vin-

148 2819 205 2852 cam
213 2816 226 2860 ,·
257 2802 322 2851 Hor.
340 2803 394 2852 Sat.
414 2816 436 2851 2.
455 2815 477 2866 3.
497 2813 544 2866 225
567 2803 651 2851 vincet

149 2871 218 2918 enim
232 2870 321 2917 stultas
333 2870 399 2917 ratia
411 2869 530 2917 insanire
542 2875 645 2930 nepotes.

148 2936 366 2985 —Caesarem
390 2953 423 2984 sc.
442 2935 486 2983 the
504 2943 648 2984 statesman

150 3018 182 3051 or
198 3003 351 3065 general.-
362 3015 489 3052 summe:
513 3017 543 3051 as
561 3017 593 3051 an
612 3003 648 3050 in·

150 3069 251 3117 tensive
269 3068 366 3118 adverb
382 3085 480 3116 summe
491 3068 513 3117 is
524 3068 609 3117 found
620 3069 647 3117 in

150 3135 267 3186 Cicero's
285 3135 375 3185 earlier
387 3135 502 3198 writings
518 3135 572 3199 (ag.
584 3137 647 3184 Dia.

150 3204 179 3251 in
192 3203 282 3252 Caecil.
295 3202 345 3268 57),
355 3202 381 3250 in
393 3202 439 3251 the
447 3203 477 3250 de
485 3203 551 3258 Iun..
559 3202 612 3251 and
621 3203 648 3250 in

150 3269 192 3318 his
209 3269 435 3332 correspondence
460 3269 513 3332 (ag.
533 3271 605 3317 Fam.
624 3283 647 3329 4.

152 3349 175 3398 7.
189 3335 302 3399 a).-in
319 3335 456 3386 victoria:
477 3338 506 3384 in
524 3336 584 3384 with
604 3335 648 3384 the
671 3347 675 3354 ·

150 3402 201 3452 abl.
214 3403 236 3452 is
250 3402 314 3452 used
330 3403 497 3468 colloquially
508 3402 550 3450 for
561 3417 577 3450 a
588 3417 655 3451 cone

149 3469 261 3519 ditional
273 3486 303 3519 or
315 3470 442 3532 temporal
452 3470 547 3518 clause.
576 3470 647 3517 Here

138 3537 180 3586 -in
192 3537 322 3595 victoria,
339 3536 431 3593 etc.‚is
452 3537 600 3600 equivalent
620 3544 647 3584 to

149 3620 206 3652 cum
226 3605 325 3651 va'cimt
346 3605 420 3652 hama
443 3605 605 3651 necessarius.
617 3631 649 3638 -

149 3670 215 3734 lege
236 3670 388 3719 Caesaris:
408 3670 451 3718 the
469 3671 512 3718 lex
529 3671 601 3717 Iulia
619 3669 649 3716 de

149 3737 222 3786 moda
244 3737 364 3786 credendi
379 3743 404 3785 et
416 3737 565 3798 possidendi
578 3737 648 3783 intra

699 2743 747 2784 etc.
766 2735 807 2784 cf.
822 2737 996 2798 Lange‚ll'a'm.
1007 2737 1117 2785 Altertlr.
1132 2737 1194 2786 111².

698 2815 796 2917 illu
803 2811 1029 2918 §.eththa
1040 2803 1195 2933 ‘latria

699 2935 770 2984 them
787 2935 856 2984 from
874 2935 956 2999 doing
972 2937 1031 2986 this.

699 3016 755 3118 ...l
769 3004 1022 3120 etaltera·
1033 3004 1195 3134 ..iiiiii

698 3135 795 3185 former
814 3137 978 3199 Pompeiam,
992 3138 1079 3186 whose
1093 3138 1195 3201 pardon

699 3202 750 3251 and
768 3202 957 3252 advancement
974 3203 1009 3269 by
1027 3205 1125 3254 Caesar
1143 3206 1194 3254 had

698 3269 826 3334 probably
843 3270 945 3320 excited
963 3270 1008 3319 the
1025 3286 1092 3336 envy
1111 3272 1196 3334 (invi-

699 3337 775 3400 diae)
789 3336 818 3386 of
835 3337 912 3386 those
925 3337 984 3386 who
1002 3337 1054 3386 had
1071 3337 1195 3388 followed

700 3404 797 3452 Caesar
809 3403 971 3467 throughout
984 3405 1028 3453 the
1041 3403 1108 3453 Civil
1123 3406 1194 3464 War,

699 3469 750 3518 and
764 3470 836 3519 these
847 3477 898 3519 two
908 3487 968 3519 men
980 3470 1070 3535 joined
1083 3472 1127 3520 the
1136 3488 1196 3521 con·

698 3537 798 3601 spiracy
811 3545 838 3585 to
851 3537 897 3585 kill
910 3538 962 3585 him
972 3537 1090 3601 (exitio).
1101 3539 1195 3587 —illit

698 3605 737 3650 ie.
760 3605 870 3652 Caesari.
882 3632 917 3640 —
929 3605 1070 3667 impunite
1082 3623 1087 3653 :
1112 3604 1195 3654 found

699 3670 760 3734 only
772 3685 836 3718 once
851 3671 990 3719 elsewhere
1004 3671 1069 3735 (Cic.
1082 3673 1112 3720 de
1124 3673 1195 3720 Fini·

700 3736 752 3793 bus,
772 3750 793 3784 2.
815 3735 856 3802 59)
879 3737 905 3785 in
929 3736 1045 3786 classical
1067 3753 1196 3802 prose.—
