2814 4328
153 312 227 360 Fam.
241 323 263 374 p
279 310 329 377 re]

492 311 661 362 CICERO'S
686 309 861 361 LETTERS.

1154 311 1203 363 189

151 479 242 562 quod
260 499 300 542 eo
317 499 406 544 nunc
423 478 530 562 magis
546 478 638 554 lacit,
657 477 735 561 quia
750 477 867 542 vivunt
885 498 1016 544 mecum
1033 478 1105 544 fere
1122 480 1202 544 coti-

150 587 208 650 die
232 586 319 650 illius
343 587 539 664 familiares3
566 586 718 651 incidunt
743 595 856 650 autem
881 587 914 650 in
940 607 1095 652 sermone
1110 588 1201 654 vario

150 695 260 759 multa
282 716 367 778 quae
391 696 535 759 fortasse
560 694 635 770 illis,
654 715 730 759 cum
748 695 825 771 dixi,
844 715 906 761 nec
930 695 1114 760 inlitterata
1138 716 1200 762 nec

151 803 280 868 insulsa
296 823 371 867 esse
387 804 580 882 videantur;
604 804 686 868 haec
702 804 744 867 ad
761 802 853 867 illum
871 824 947 869 cum
965 804 1100 888 reliquis
1116 806 1200 874 actis

150 912 384 994 perferuntur3
401 913 448 977 ita
464 912 554 976 enim
572 912 644 995 ipse
662 912 841 976 mandavit.
886 911 942 977 Sic
959 913 997 976 fit
1013 921 1061 988 ut,
1076 913 1105 977 si
1120 913 1200 996 quid

150 1029 325 1103 praeterea
337 1021 380 1084 de
390 1040 444 1084 me
456 1021 579 1097 audiat,
593 1041 662 1084 non
675 1020 878 1085 audiendum
891 1029 998 1104 putet.
1033 1021 1200 1105 Quamob-

149 1149 222 1192 rem
242 1128 417 1194 Oenomao
439 1138 499 1194 tuo
513 1129 602 1194 ¹nihil
625 1137 715 1206 utor;
741 1129 806 1194 etsi
828 1129 970 1212 posuisti
991 1129 1065 1194 loco
1081 1151 1199 1196 versus

149 1235 331 1302 Accianos.
383 1236 450 1302 Sed
467 1257 552 1322 quae
574 1247 626 1302 est
646 1237 803 1302 ‘invidia'
822 1246 879 1302 aut
901 1238 979 1322 quid
1003 1238 1085 1303 mihi
1109 1259 1199 1304 nunc
1218 1264 1232 1318 ς

149 1345 292 1410 invideri
323 1346 463 1428 potest?
525 1346 652 1411 Verum
680 1346 735 1411 fac
765 1366 840 1412 esse
865 1346 996 1423 omnia;
1027 1346 1076 1412 sic
1102 1347 1198 1412 video

148 1454 359 1537 philosophis
392 1453 567 1537 placuisse,
595 1454 634 1519 iis
666 1455 723 1538 qui
756 1455 838 1520 mihi
867 1455 928 1521 soli
951 1455 1108 1520 videntur
1131 1456 1198 1521 vim

147 1562 285 1635 virtutis
310 1571 436 1639 tenere,
454 1563 537 1628 nihil
562 1583 638 1628 esse
662 1563 822 1646 sapientis
847 1573 1018 1646 praestare
1042 1565 1108 1629 nisi
1132 1565 1198 1630 cul-

147 1691 238 1754 pam,
266 1692 332 1754 qua
363 1670 445 1735 mihi
470 1672 586 1736 videor
612 1672 788 1755 dupliciter
820 1692 943 1749 carere,
973 1682 1007 1737 et
1038 1674 1126 1756 quod
1158 1695 1198 1738 ea

148 1779 314 1844 senserim
339 1799 424 1862 quae
449 1780 635 1844 rectissima
658 1779 807 1856 fuerunt,
835 1790 869 1844 et
892 1782 990 1863 quod,
1009 1802 1084 1845 cum
1109 1781 1197 1846 vide-

147 1908 221 1951 rem
250 1888 395 1970 praesidi
421 1909 488 1952 non
516 1889 598 1953 satis
625 1908 700 1953 esse
724 1889 766 1952 ad
792 1909 831 1953 ea
855 1889 1045 1965 obtinenda,
1070 1890 1195 1956 viribus

147 1997 347 2060 certandum
380 2017 456 2062 cum
481 1996 720 2062 valentioribus
752 2018 820 2062 non
848 1998 1016 2080 putarim;
1049 2018 1129 2082 ergo
1161 1999 1195 2063 in

135 2104 259 2169 ¹officio
276 2105 356 2170 boni
372 2105 455 2171 civis
472 2115 564 2171 certe
587 2126 653 2169 non
679 2126 753 2169 sum
778 2106 1080 2188 reprehendendus.
1132 2109 1196 2172 Re-

147 2213 276 2296 liquum
300 2223 362 2290 est,
382 2235 426 2277 ne
449 2214 528 2298 quid
553 2214 666 2290 stulte,
685 2234 729 2278 ne
752 2215 830 2297 quid
855 2223 983 2279 temere
1007 2216 1114 2280 dicam
1138 2225 1194 2280 aut
1270 2302 1273 2307 Ι

146 2321 269 2387 faciam
288 2331 405 2387 contra
421 2323 580 2405 potentis.
627 2323 666 2386 Id
682 2343 815 2406 quoque
830 2331 913 2406 puto
929 2343 1005 2387 esse
1022 2324 1192 2406 sapientis.

148 2429 273 2494 Cetera
284 2451 373 2507 vero,
387 2431 466 2514 quid
482 2431 624 2514 quisque
639 2452 693 2495 me
709 2431 832 2495 dixisse
849 2432 937 2496 dicat
955 2440 1012 2495 aut
1029 2435 1194 2515 quomodo

148 2538 205 2602 ille
221 2538 363 2622 accipiat
380 2549 438 2604 aut
454 2561 519 2623 qua
541 2540 607 2603 fide
631 2560 762 2605 mecum
779 2540 893 2604 vivant
919 2541 941 2603 ii
957 2540 1014 2623 qui
1038 2561 1092 2604 me
1116 2542 1194 2605 assi-

146 2679 216 2729 iorm
254 2680 407 2742 Quintilian,
441 2681 569 2738 however,
605 2697 645 2731 ex-

147 2762 251 2810 presses
264 2746 298 2811 (fa
311 2761 334 2812 3.
349 2747 373 2812 5)
388 2763 404 2796 a
420 2748 508 2798 rather
527 2748 645 2798 unlavor·

146 2813 207 2862 able
219 2813 448 2878 opinion-cum
463 2816 581 2880 reliquis
600 2829 646 2864 ac·

147 2880 195 2938 ris,
203 2881 264 2930 with
274 2882 317 2930 the
326 2888 378 2930 rest
385 2882 460 2946 ofthe
468 2882 539 2944 day’s
548 2884 644 2945 daimgs.

146 2975 180 2982 -
189 2947 339 3002 Oenomao
354 2955 421 2997 tuo:
441 2950 543 3005 Paetus,
557 2949 647 2998 witha

146 3013 277 3076 flattenng
300 3014 457 3078 application
486 3022 515 3064 to
544 3015 645 3071 Cicero,

146 3078 200 3128 had
223 3079 322 3145 quoted
345 3080 389 3130 the
413 3081 498 3130 words
521 3081 550 3130 ot
575 3082 646 3144 King

148 3147 300 3196 Oenomaus
315 3147 385 3197 from
398 3148 443 3197 the
462 3149 605 3198 Oenomaus
616 3148 646 3197 ol

147 3213 255 3262 Accius:
285 3215 330 3263 the
352 3214 416 3277 king
432 3215 528 3278 speaks
552 3214 582 3263 of
603 3215 644 3264 his

145 3280 262 3344 position
274 3279 352 3330 made
359 3280 466 3330 difficult
478 3281 512 3346 by
521 3281 566 3330 the
577 3296 645 3346 envy

146 3346 176 3395 of
193 3361 261 3404 men,
273 3346 325 3396 and
341 3362 477 3411 compares
494 3346 599 3398 himself
615 3355 643 3396 to

147 3428 163 3462 a
182 3413 255 3471 rock,
273 3429 308 3462 on
332 3413 415 3463 which
439 3414 484 3463 the
507 3429 592 3464 waves
615 3413 645 3462 of

146 3494 214 3545 envy
221 3479 289 3529 beat.
307 3482 407 3530 Saxum
420 3482 451 3528 id
452 3482 521 3545 facit
530 3481 644 3545 angusti·

145 3553 230 3602 tatem,
242 3554 267 3595 et
281 3548 327 3595 sub
343 3563 370 3596 ea
387 3564 451 3597 saxo
467 3549 610 3596 exuberans
625 3545 628 3613 Ι

145 3613 265 3662 Scatebra
270 3614 371 3678 fluviae
386 3615 457 3662 radit
467 3622 565 3677 rupem.
601 3613 642 3662 cf.

147 3678 273 3736 Ribbeck,
287 3681 361 3743 Trag.
374 3681 448 3730 Rom.
461 3682 538 3743 Frag.
551 3697 576 3744 p.
587 3694 642 3737 201,

145 3745 198 3796 and
220 3748 291 3796 Rom.
314 3748 389 3811 Trag.
413 3761 438 3811 p.
462 3746 642 3812 437.-loco,

144 3814 283 3878 appositely
294 3814 401 3878 enough.

733 2694 754 2746 5.
773 2682 835 2731 sic:
852 2681 963 2744 limiting
980 2681 1125 2745 placuisse
1142 2682 1194 2732 and

698 2748 833 2812 explained
857 2748 890 2814 by
913 2748 984 2798 nihil
1070 2749 1193 2813 culpam.

698 2814 740 2863 Cf.
758 2817 795 2864 sic
812 2816 905 2872 habeto,
927 2829 941 2863 2
962 2824 1192 2878 n.-praestare,

697 2888 721 2929 to
743 2882 770 2930 be
792 2883 943 2944 responsible
956 2883 1023 2946 fam·
1046 2884 1177 2931 commoni

699 2948 762 2998 used
782 2948 842 2997 with
862 2963 878 2997 a
896 2949 970 3011 thing
988 2957 1015 2997 to
1034 2948 1066 2997 be
1084 2948 1166 2998 desire
1187 2985 1192 3007 ,

697 3031 740 3077 ag.
752 3016 909 3079 felicitatem,
919 3014 965 3063 but
978 3015 1038 3064 here
1047 3015 1192 3081 employed,
1264 3025 1266 3028 “

697 3096 726 3130 as
749 3082 771 3132 is
791 3097 850 3130 now
868 3081 920 3130 and
942 3082 1004 3130 then
1021 3081 1065 3130 the
1083 3083 1191 3145 English

696 3148 790 3210 phrase
803 3148 836 3214 by
845 3148 928 3197 which
941 3149 995 3198 itis
1008 3148 1155 3207 translated,
1164 3149 1193 3198 oi

684 3229 712 3266 .a
724 3213 798 3278 thing
810 3223 837 3264 to
850 3214 883 3264 be
894 3214 1010 3278 guarded
1022 3216 1140 3278 against;
1158 3215 1191 3266 cf.

702 3281 772 3328 711).
781 3296 803 3345 3.
812 3297 844 3346 34
852 3285 921 3332 videt
926 3285 1027 3344 culpam
1037 3285 1137 3332 nullam
1146 3301 1197 3333 esse

695 3363 751 3397 cum
765 3349 800 3406 id,
812 3351 882 3412 quod
890 3350 921 3396 ab
932 3351 1034 3399 homine
1046 3367 1097 3398 nan
1111 3358 1196 3411 potue-

694 3415 732 3461 rit
742 3418 880 3475 praestari,
890 3417 1080 3465 evenerit-in
1093 3416 1195 3473 officio,

695 3481 724 3528 im
741 3496 768 3528 sa
777 3480 829 3543 sar
844 3497 874 3528 as
891 3483 913 3530 it
928 3495 1046 3528 concerms
1062 3480 1105 3528 tlte
1120 3481 1191 3543 duty.

695 3546 737 3595 Ci.
752 3547 864 3595 liberalis
882 3547 910 3595 in
922 3549 1026 3608 populo,
1042 3548 1093 3594 Ate.
1111 3560 1134 3606 4.
1153 3559 1190 3608 17.

694 3626 727 3676 33
756 3629 805 3677 quo
827 3629 868 3661 me
886 3615 974 3660 animo
993 3614 1022 3660 im
1041 3616 1122 3662 servis
1141 3629 1193 3661 esse

694 3693 783 3736 censes,
797 3679 826 3739 Q.
832 3680 874 3743 se.
889 3692 909 3726 1.
925 3692 945 3726 1.
960 3691 998 3740 17,
1010 3678 1062 3727 and
1076 3678 1150 3728 often
1165 3680 1190 3728 in

694 3745 739 3795 the
752 3744 974 3795 Lenem-ille:
992 3746 1031 3793 ie.
1045 3745 1150 3795 Caesar.
