2780 4332
238 202 288 258 272
579 207 744 258 CICERO’S
769 207 941 257 LETTERS.
1096 207 1156 273 [Ep.
1171 209 1277 258 XCIII

529 442 659 508 XCIII.
710 442 812 528 (Fam.
843 442 892 506 16.
919 442 986 526 26.)

482 616 647 680 QVINTVS
672 615 805 666 TIRONI
829 616 899 666 SVO
917 617 945 665 P.
964 616 991 666 S.
1009 617 1043 666 D.

208 769 218 804 1
284 751 467 815 Verberavi
490 761 525 816 te
549 751 763 834 cogitationis
788 750 889 814 tacito
913 751 1083 815 dumtaxat
1112 753 1279 830 convicio,

146 865 147 870 ’
238 861 326 943 quod
358 852 538 925 fasciculus
570 861 653 923 alter
684 861 725 923 ad
757 879 810 922 me
842 859 905 922 iam
939 859 1011 922 sine
1054 860 1122 924 tuis
1155 860 1281 926 litteris

238 968 384 1051 perlatus
402 977 463 1033 est.
511 969 589 1032 Non
607 951 703 1051 potes
720 967 868 1050 effugere
885 967 983 1030 huius
1000 968 1117 1050 culpae
1135 990 1278 1050 poenam
1370 969 1371 984 ¹

238 1086 273 1141 te
312 1086 478 1160 patrono:
525 1077 659 1141 Marcus
693 1084 744 1139 est
776 1074 993 1152 adhibendus
1027 1077 1123 1158 isque
1155 1078 1215 1141 diu
1248 1089 1280 1141 et

238 1185 352 1249 multis
383 1184 668 1250 lucubrationibus
700 1193 926 1248 commentata
957 1185 1106 1248 oratione
1139 1186 1218 1249 vide
1243 1197 1279 1250 ut

205 1295 376 1376 aprobare
393 1294 498 1376 possit
523 1304 557 1357 te
579 1314 645 1357 non
670 1313 835 1375 peccasse.
886 1292 986 1356 Plane
1010 1302 1044 1356 te
1069 1313 1167 1376 rogo:
1194 1295 1280 1359 sicut

237 1403 316 1466 olim
349 1413 488 1466 matrem
521 1411 669 1466 nostram
699 1401 811 1466 facere
842 1400 989 1477 memini,
1023 1422 1106 1484 quae
1140 1402 1280 1485 lagonas

238 1511 338 1574 etiam
364 1510 472 1575 inanis
497 1510 705 1593 obsignabat,
724 1530 767 1574 ne
791 1510 982 1574 dicerentur
1006 1509 1121 1574 inanes
1147 1510 1279 1594 aliquae

236 1619 342 1683 luisse
374 1640 458 1702 quae
482 1618 598 1682 furtim
622 1628 737 1682 essent
770 1618 963 1693 exsiccatae,
990 1618 1039 1682 sic
1070 1628 1119 1694 tu,
1145 1619 1281 1684 etiamsi

237 1729 324 1810 quod
349 1727 475 1792 scribas
499 1747 567 1790 non
592 1726 741 1801 habebis,
768 1725 905 1790 scribito
937 1736 1049 1790 tamen
1073 1747 1117 1790 ne
1148 1727 1280 1791 furtum

237 1835 432 1899 cessationis
457 1834 660 1919 quaesivisse
676 1834 833 1912 videaris;
857 1833 953 1898 valde
973 1835 1060 1898 enim
1083 1834 1129 1898 mi
1146 1855 1283 1918 semper

237 1952 270 2006 et
294 1963 372 2007 vera
394 1953 427 2007 et
452 1943 561 2008 dulcia
584 1943 650 2007 tuis
672 1942 824 2028 epistulis
846 1942 1053 2008 nuntiantur.
1101 1943 1194 2006 Ama
1218 1964 1282 2007 nos

236 2060 271 2116 et
294 2050 378 2116 vale.

539 2209 667 2274 XCIV.
717 2209 821 2296 (Fam.
839 2227 870 2292 9.
890 2210 959 2294 24.)

544 2355 545 2361 ’
568 2382 707 2433 cronno
726 2383 848 2433 Pharo
867 2383 893 2433 s.
912 2383 946 2433 o.

207 2547 217 2582 ι
284 2518 412 2584 Rufum
426 2519 528 2583 istum
542 2517 685 2582 amicum
700 2526 804 2593 tuum,
818 2518 859 2581 de
875 2538 941 2601 quo
954 2517 1075 2582 iterum
1088 2517 1153 2583 iam
1166 2520 1209 2582 ad
1227 2540 1282 2584 me

237 2628 364 2704 scribis,
380 2626 568 2691 adiuvarem
582 2635 745 2710 quantum
759 2646 901 2708 possem,
917 2627 1048 2691 etiamsi
1060 2628 1101 2690 ab
1115 2647 1155 2690 eo
1168 2628 1282 2692 laesus

272 2778 376 2828 XCIII.
428 2779 459 2828 In
488 2779 534 2828 the
556 2786 666 2844 country
691 2777 731 2842 (i),
783 2778 854 2842 early
866 2777 942 2826 Latin
956 2780 1056 2828 miwas
1072 2778 1182 2842 ingood
1196 2795 1244 2828 use
1256 2780 1283 2828 in

237 2853 345 2895 autumn
360 2845 401 2909 (i),
414 2859 446 2906 44
464 2857 514 2894 tac.
549 2846 592 2894 On
609 2845 731 2907 Quintus,
783 2845 816 2894 all
828 2845 910 2894 forms
925 2845 954 2894 oi
970 2846 1116 2902 literature;
1135 2853 1162 2894 at
1179 2846 1224 2895 the
1242 2846 1284 2895 be

237 2912 271 2961 cf.
285 2913 349 2961 Intr.
365 2923 408 2976 553
427 2927 461 2960 on
475 2911 545 2969 Tiro,
560 2912 624 2960 Intr.
639 2925 677 2976 57.
783 2912 890 2975 ginning
907 2912 936 2960 of
953 2911 998 2960 the
1015 2912 1131 2961 classical
1150 2912 1245 2974 period
1263 2914 1282 2961 it

274 2993 294 3027 r.
311 2978 478 3027 verberavi:
496 2978 522 3026 in
535 2978 579 3026 the
597 2978 733 3042 figurative
783 2979 835 3028 had
847 2977 964 3042 dropped
977 2986 1023 3027 out
1040 2978 1068 3027 oi
1086 2994 1132 3027 use
1145 2979 1170 3027 in
1187 2978 1283 3028 formal

237 3060 313 3095 sense
332 3061 361 3093 as
380 3045 406 3092 in
430 3045 513 3093 Plaut.
532 3045 570 3092 M.
586 3047 615 3094 G.
634 3057 734 3108 799.—
783 3046 923 3102 literature,
932 3045 979 3094 but
989 3045 1042 3094 had
1054 3045 1119 3094 been
1128 3045 1283 3094 retainedin

237 3111 411 3162 fasciculus:
438 3127 455 3160 a
476 3111 571 3174 packet
588 3111 617 3159 oi
634 3111 733 3160 letters.
784 3112 840 3160 that
858 3111 990 3161 literature
1011 3112 1093 3160 which
1118 3112 1282 3178 reproduced

239 3179 281 3228 cf.
293 3180 345 3227 Aet.
362 3192 399 3226 12.
413 3190 452 3243 53.
582 3193 585 3196 ·
783 3178 829 3226 the
846 3177 939 3242 doings
959 3178 1011 3227 and
1028 3179 1133 3244 sayings
1150 3179 1180 3227 ot
1198 3195 1284 3245 every·

272 3260 294 3294 2.
313 3245 732 3295 etiamsi...scribitotamen:
784 3243 834 3310 day
852 3244 904 3294 lite.
939 3245 1004 3294 This
1027 3245 1050 3294 is
1073 3246 1117 3295 the
1135 3245 1237 3312 history
1256 3247 1285 3294 oi

237 3313 270 3362 cf.
283 3314 337 3361 Art.
350 3326 373 3372 4.
386 3311 434 3360 81³.
448 3326 463 3373 4
475 3313 519 3359 ubi
530 3312 600 3360 nihil
610 3313 658 3360 erit
668 3312 737 3375 quod
784 3326 862 3377 many
877 3311 961 3360 forms
979 3310 1031 3360 and
1048 3313 1231 3376 expressions;
1250 3313 1284 3362 cf.

236 3380 338 3436 scribas,
348 3380 379 3427 ia'
387 3380 471 3441 apsum
482 3379 589 3437 scribito,
602 3378 652 3427 and
668 3378 732 3426 Plin.
785 3379 850 3427 Intr.
866 3392 906 3439 70.
1061 3414 1066 3422 .

237 3449 287 3509 Ep.
304 3444 486 3495 1.11.-mi:
506 3444 548 3492 for
559 3445 632 3492 mihi.
668 3444 733 3492 This
818 3445 917 3494 XCIV.
936 3445 1028 3503 Rome,
1036 3443 1177 3494 beforethe
1186 3444 1284 3494 middle

236 3513 304 3561 form
324 3511 419 3575 (found
437 3512 492 3560 also
510 3511 536 3559 in
555 3511 603 3574 Ep.
619 3511 733 3559 LXVII.
783 3510 813 3558 of
830 3511 900 3568 Feb,
919 3525 951 3576 43
972 3523 1022 3572 mc.
1059 3512 1101 3560 On
1122 3512 1229 3570 Paetus,
1252 3513 1284 3561 ef.

237 3578 262 3642 3)
281 3579 422 3628 illustrates
440 3578 497 3626 well
514 3577 559 3626 the
576 3577 733 3626 connection
784 3578 832 3640 Ep.
847 3578 918 3632 LXI.
935 3577 1031 3626 introd.
1044 3587 1114 3627 note.

236 3643 320 3692 which
349 3644 422 3692 often
451 3643 531 3692 exists
557 3643 673 3691 between
696 3659 734 3692 ar-
820 3644 985 3695 afflatum:
1011 3659 1049 3693 we
1068 3644 1148 3697 know
1171 3645 1286 3709 nothing

236 3707 335 3757 chaism
363 3707 416 3757 and
449 3709 648 3772 colloquialism.
700 3709 733 3758 In
755 3744 759 3750 ·
783 3709 838 3760 else
854 3710 883 3758 oi
899 3710 954 3760 him
972 3710 1033 3760 with
1051 3710 1179 3776 certainty
1192 3722 1286 3778 except
