<?xml version="1.0" encoding="UTF-8"?>
<!DOCTYPE html PUBLIC "-//W3C//DTD XHTML 1.0 Transitional//EN"
    "http://www.w3.org/TR/xhtml1/DTD/xhtml1-transitional.dtd">
<html xmlns="http://www.w3.org/1999/xhtml" xml:lang="en" lang="en">
 <head>
  <title>
</title>
<meta http-equiv="Content-Type" content="text/html;charset=utf-8" />
  <meta name='ocr-system' content='tesseract 3.04.00' />
  <meta name='ocr-capabilities' content='ocr_page ocr_carea ocr_par ocr_line ocrx_word'/>
</head>
<body>
  <div class='ocr_page' id='page_1' title='image "./selectedletters03cicegoog_0286.png"; bbox 0 0 2814 4328; ppageno 0'>
   <div class='ocr_carea' id='block_1_1' title="bbox 134 293 1183 361">
    <p class='ocr_par' dir='ltr' id='par_1_1' title="bbox 134 293 1183 361">
     <span class='ocr_line' id='line_1_1' title="bbox 134 293 1183 361; baseline 0 -15"><span class='ocrx_word' id='word_1_1' title='bbox 134 296 208 346; x_wconf 85' lang='lat' dir='ltr'><em>Fam.</em></span> <span class='ocrx_word' id='word_1_2' title='bbox 221 293 245 345; x_wconf 91' lang='lat'>6.</span> <span class='ocrx_word' id='word_1_3' title='bbox 257 294 295 361; x_wconf 88' lang='lat'>6.]</span> <span class='ocrx_word' id='word_1_4' title='bbox 472 294 640 344; x_wconf 90' lang='lat' dir='ltr'><strong>CICERO&#39;S</strong></span> <span class='ocrx_word' id='word_1_5' title='bbox 666 295 839 345; x_wconf 88' lang='lat' dir='ltr'>LETTERS.</span> <span class='ocrx_word' id='word_1_6' title='bbox 1135 297 1183 346; x_wconf 86' lang='lat'>203</span> 
     </span>
    </p>
   </div>
   <div class='ocr_carea' id='block_1_2' title="bbox 107 461 1216 2718">
    <p class='ocr_par' dir='ltr' id='par_1_2' title="bbox 107 461 1216 2718">
     <span class='ocr_line' id='line_1_2' title="bbox 133 461 1184 547; baseline 0 -19"><span class='ocrx_word' id='word_1_7' title='bbox 133 463 323 528; x_wconf 91' lang='lat' dir='ltr'>sollistimis</span> <span class='ocrx_word' id='word_1_8' title='bbox 339 471 396 527; x_wconf 88' lang='lat' dir='ltr'>aut</span> <span class='ocrx_word' id='word_1_9' title='bbox 410 461 549 526; x_wconf 88' lang='lat' dir='ltr'>soniviis</span> <span class='ocrx_word' id='word_1_10' title='bbox 562 461 623 526; x_wconf 92' lang='lat' dir='ltr'>tibi</span> <span class='ocrx_word' id='word_1_11' title='bbox 640 483 795 547; x_wconf 87' lang='lat' dir='ltr'>auguror,</span> <span class='ocrx_word' id='word_1_12' title='bbox 810 464 870 527; x_wconf 91' lang='lat' dir='ltr'>sed</span> <span class='ocrx_word' id='word_1_13' title='bbox 887 463 994 528; x_wconf 91' lang='lat' dir='ltr'>habeo</span> <span class='ocrx_word' id='word_1_14' title='bbox 1007 463 1071 528; x_wconf 90' lang='lat' dir='ltr'>alia</span> <span class='ocrx_word' id='word_1_15' title='bbox 1087 465 1184 547; x_wconf 88' lang='lat' dir='ltr'>signa</span> 
     </span>
     <span class='ocr_line' id='line_1_3' title="bbox 133 570 1183 656; baseline 0 -20"><span class='ocrx_word' id='word_1_16' title='bbox 133 592 222 656; x_wconf 89' lang='lat' dir='ltr'>quae</span> <span class='ocrx_word' id='word_1_17' title='bbox 238 572 430 648; x_wconf 90' lang='lat' dir='ltr'>observem;</span> <span class='ocrx_word' id='word_1_18' title='bbox 451 589 537 653; x_wconf 89' lang='lat' dir='ltr'>quae</span> <span class='ocrx_word' id='word_1_19' title='bbox 555 570 620 633; x_wconf 90' lang='lat' dir='ltr'>etsi</span> <span class='ocrx_word' id='word_1_20' title='bbox 637 591 705 634; x_wconf 89' lang='lat' dir='ltr'>non</span> <span class='ocrx_word' id='word_1_21' title='bbox 723 580 800 634; x_wconf 92' lang='lat' dir='ltr'>sunt</span> <span class='ocrx_word' id='word_1_22' title='bbox 819 572 962 635; x_wconf 88' lang='lat' dir='ltr'>certiora</span> <span class='ocrx_word' id='word_1_23' title='bbox 978 571 1053 647; x_wconf 92' lang='lat' dir='ltr'>illis,</span> <span class='ocrx_word' id='word_1_24' title='bbox 1073 573 1183 636; x_wconf 92' lang='lat' dir='ltr'>minus</span> 
     </span>
     <span class='ocr_line' id='line_1_4' title="bbox 133 678 1216 747; baseline 0.003 -3"><span class='ocrx_word' id='word_1_25' title='bbox 133 691 249 744; x_wconf 91' lang='lat' dir='ltr'>tamen</span> <span class='ocrx_word' id='word_1_26' title='bbox 282 679 407 742; x_wconf 91' lang='lat' dir='ltr'>habent</span> <span class='ocrx_word' id='word_1_27' title='bbox 432 679 485 741; x_wconf 88' lang='lat' dir='ltr'>vel</span> <span class='ocrx_word' id='word_1_28' title='bbox 510 678 727 743; x_wconf 87' lang='lat' dir='ltr'>obscuritatis</span> <span class='ocrx_word' id='word_1_29' title='bbox 750 678 803 742; x_wconf 88' lang='lat' dir='ltr'>vel</span> <span class='ocrx_word' id='word_1_30' title='bbox 830 679 960 743; x_wconf 91' lang='lat' dir='ltr'>erroris.</span> <span class='ocrx_word' id='word_1_31' title='bbox 1012 680 1216 747; x_wconf 88' lang='lat' dir='ltr'>Notantur8</span> 
     </span>
     <span class='ocr_line' id='line_1_5' title="bbox 107 773 1180 870; baseline -0.001 -17"><span class='ocrx_word' id='word_1_32' title='bbox 107 773 248 853; x_wconf 75' lang='lat' dir='ltr'>⁵autern</span> <span class='ocrx_word' id='word_1_33' title='bbox 274 786 356 850; x_wconf 92' lang='lat' dir='ltr'>mihi</span> <span class='ocrx_word' id='word_1_34' title='bbox 381 788 422 850; x_wconf 90' lang='lat' dir='ltr'>ad</span> <span class='ocrx_word' id='word_1_35' title='bbox 446 786 663 850; x_wconf 90' lang='lat' dir='ltr'>divinandum</span> <span class='ocrx_word' id='word_1_36' title='bbox 690 787 786 870; x_wconf 88' lang='lat' dir='ltr'>signa</span> <span class='ocrx_word' id='word_1_37' title='bbox 810 787 935 869; x_wconf 84' lang='lat' dir='ltr'>duplici</span> <span class='ocrx_word' id='word_1_38' title='bbox 960 788 1101 870; x_wconf 91' lang='lat' dir='ltr'>quadam</span> <span class='ocrx_word' id='word_1_39' title='bbox 1118 789 1180 864; x_wconf 93' lang='lat' dir='ltr'>via,</span> 
     </span>
     <span class='ocr_line' id='line_1_6' title="bbox 133 894 1184 980; baseline -0.001 -19"><span class='ocrx_word' id='word_1_40' title='bbox 133 917 274 980; x_wconf 88' lang='lat' dir='ltr'>quarum</span> <span class='ocrx_word' id='word_1_41' title='bbox 292 895 431 960; x_wconf 90' lang='lat' dir='ltr'>alteram</span> <span class='ocrx_word' id='word_1_42' title='bbox 449 895 535 959; x_wconf 93' lang='lat' dir='ltr'>duco</span> <span class='ocrx_word' id='word_1_43' title='bbox 552 915 571 958; x_wconf 93' lang='lat' dir='ltr'>e</span> <span class='ocrx_word' id='word_1_44' title='bbox 589 894 733 959; x_wconf 84' lang='lat' dir='ltr'>Caesare</span> <span class='ocrx_word' id='word_1_45' title='bbox 750 894 833 978; x_wconf 86' lang='lat' dir='ltr'>ipsu,</span> <span class='ocrx_word' id='word_1_46' title='bbox 851 895 990 959; x_wconf 88' lang='lat' dir='ltr'>alteram</span> <span class='ocrx_word' id='word_1_47' title='bbox 1015 916 1034 959; x_wconf 89' lang='lat' dir='ltr'>e</span> <span class='ocrx_word' id='word_1_48' title='bbox 1057 905 1184 980; x_wconf 91' lang='lat' dir='ltr'>tempo-</span> 
     </span>
     <span class='ocr_line' id='line_1_7' title="bbox 133 1003 1183 1086; baseline 0 -17"><span class='ocrx_word' id='word_1_49' title='bbox 133 1027 208 1069; x_wconf 91' lang='lat' dir='ltr'>rum</span> <span class='ocrx_word' id='word_1_50' title='bbox 234 1004 383 1068; x_wconf 92' lang='lat' dir='ltr'>civilium</span> <span class='ocrx_word' id='word_1_51' title='bbox 408 1013 528 1067; x_wconf 90' lang='lat' dir='ltr'>natura</span> <span class='ocrx_word' id='word_1_52' title='bbox 551 1011 652 1086; x_wconf 89' lang='lat' dir='ltr'>atque</span> <span class='ocrx_word' id='word_1_53' title='bbox 676 1003 814 1068; x_wconf 92' lang='lat' dir='ltr'>ratione.</span> <span class='ocrx_word' id='word_1_54' title='bbox 866 1003 905 1066; x_wconf 93' lang='lat' dir='ltr'>ln</span> <span class='ocrx_word' id='word_1_55' title='bbox 932 1004 1077 1068; x_wconf 88' lang='lat' dir='ltr'>Caesare</span> <span class='ocrx_word' id='word_1_56' title='bbox 1102 1005 1183 1069; x_wconf 82' lang='lat' dir='ltr'>hacc</span> 
     </span>
     <span class='ocr_line' id='line_1_8' title="bbox 133 1107 1183 1196; baseline -0.001 -19"><span class='ocrx_word' id='word_1_57' title='bbox 133 1107 234 1178; x_wconf 73' lang='lat' dir='ltr'>sunt&#39;:</span> <span class='ocrx_word' id='word_1_58' title='bbox 259 1112 351 1176; x_wconf 90' lang='lat' dir='ltr'>mitis</span> <span class='ocrx_word' id='word_1_59' title='bbox 368 1113 582 1194; x_wconf 88' lang='lat' dir='ltr'>clemensque</span> <span class='ocrx_word' id='word_1_60' title='bbox 599 1121 727 1188; x_wconf 91' lang='lat' dir='ltr'>natura,</span> <span class='ocrx_word' id='word_1_61' title='bbox 746 1112 854 1196; x_wconf 87' lang='lat' dir='ltr'>qualis</span> <span class='ocrx_word' id='word_1_62' title='bbox 877 1112 1074 1195; x_wconf 87' lang='lat' dir='ltr'>exprimitur</span> <span class='ocrx_word' id='word_1_63' title='bbox 1092 1135 1183 1196; x_wconf 88' lang='lat' dir='ltr'>prae-</span> 
     </span>
     <span class='ocr_line' id='line_1_9' title="bbox 134 1218 1182 1306; baseline 0 -20"><span class='ocrx_word' id='word_1_64' title='bbox 134 1223 224 1287; x_wconf 87' lang='lat' dir='ltr'>claro</span> <span class='ocrx_word' id='word_1_65' title='bbox 250 1221 307 1284; x_wconf 93' lang='lat' dir='ltr'>illo</span> <span class='ocrx_word' id='word_1_66' title='bbox 333 1220 418 1284; x_wconf 92' lang='lat' dir='ltr'>libro</span> <span class='ocrx_word' id='word_1_67' title='bbox 444 1218 702 1303; x_wconf 83' lang='lat' dir='ltr'>‘Querelarum&#39;</span> <span class='ocrx_word' id='word_1_68' title='bbox 728 1230 872 1286; x_wconf 87' lang='lat' dir='ltr'>tuarum.</span> <span class='ocrx_word' id='word_1_69' title='bbox 923 1219 1068 1285; x_wconf 87' lang='lat' dir='ltr'>Accedit</span> <span class='ocrx_word' id='word_1_70' title='bbox 1094 1224 1182 1306; x_wconf 93' lang='lat' dir='ltr'>quod</span> 
     </span>
     <span class='ocr_line' id='line_1_10' title="bbox 132 1327 1182 1413; baseline 0 -19"><span class='ocrx_word' id='word_1_71' title='bbox 132 1330 275 1395; x_wconf 89' lang='lat' dir='ltr'>mirifice</span> <span class='ocrx_word' id='word_1_72' title='bbox 292 1328 437 1412; x_wconf 88' lang='lat' dir='ltr'>ingeniis</span> <span class='ocrx_word' id='word_1_73' title='bbox 455 1327 707 1404; x_wconf 69' lang='lat' dir='ltr'>excellentibus</span> <span class='ocrx_word' id='word_1_74' title='bbox 726 1329 824 1413; x_wconf 87' lang='lat' dir='ltr'>quale</span> <span class='ocrx_word' id='word_1_75' title='bbox 841 1339 893 1393; x_wconf 91' lang='lat' dir='ltr'>est</span> <span class='ocrx_word' id='word_1_76' title='bbox 915 1339 1021 1406; x_wconf 92' lang='lat' dir='ltr'>tuum,</span> <span class='ocrx_word' id='word_1_77' title='bbox 1041 1330 1182 1395; x_wconf 90' lang='lat' dir='ltr'>delecta-</span> 
     </span>
     <span class='ocr_line' id='line_1_11' title="bbox 133 1436 1183 1504; baseline 0 -1"><span class='ocrx_word' id='word_1_78' title='bbox 133 1450 198 1504; x_wconf 89' lang='lat' dir='ltr'>tur.</span> <span class='ocrx_word' id='word_1_79' title='bbox 223 1441 226 1444; x_wconf 82' lang='grc'><strong>’</strong></span> <span class='ocrx_word' id='word_1_80' title='bbox 250 1438 427 1501; x_wconf 89' lang='lat' dir='ltr'>Praeterea</span> <span class='ocrx_word' id='word_1_81' title='bbox 443 1437 532 1501; x_wconf 91' lang='lat' dir='ltr'>cedit</span> <span class='ocrx_word' id='word_1_82' title='bbox 550 1436 730 1501; x_wconf 91' lang='lat' dir='ltr'>multorum</span> <span class='ocrx_word' id='word_1_83' title='bbox 754 1437 852 1501; x_wconf 90' lang='lat' dir='ltr'>iustis</span> <span class='ocrx_word' id='word_1_84' title='bbox 878 1448 911 1501; x_wconf 91' lang='lat' dir='ltr'>et</span> <span class='ocrx_word' id='word_1_85' title='bbox 938 1438 1046 1502; x_wconf 90' lang='lat' dir='ltr'>officio</span> <span class='ocrx_word' id='word_1_86' title='bbox 1072 1439 1183 1504; x_wconf 91' lang='lat' dir='ltr'>incen-</span> 
     </span>
     <span class='ocr_line' id='line_1_12' title="bbox 133 1545 1181 1631; baseline 0.001 -20"><span class='ocrx_word' id='word_1_87' title='bbox 133 1548 190 1624; x_wconf 92' lang='lat' dir='ltr'>sis,</span> <span class='ocrx_word' id='word_1_88' title='bbox 219 1567 287 1610; x_wconf 92' lang='lat' dir='ltr'>non</span> <span class='ocrx_word' id='word_1_89' title='bbox 312 1545 469 1610; x_wconf 91' lang='lat' dir='ltr'>inanibus</span> <span class='ocrx_word' id='word_1_90' title='bbox 494 1555 551 1609; x_wconf 90' lang='lat' dir='ltr'>aut</span> <span class='ocrx_word' id='word_1_91' title='bbox 575 1545 764 1609; x_wconf 86' lang='lat' dir='ltr'>ambitiosis</span> <span class='ocrx_word' id='word_1_92' title='bbox 788 1546 1029 1622; x_wconf 67' lang='lat' dir='ltr'>voluntatibus</span> <span class='ocrx_word' id='word_1_93' title='bbox 1057 1548 1181 1631; x_wconf 92' lang='lat' dir='ltr'>inquo</span> 
     </span>
     <span class='ocr_line' id='line_1_13' title="bbox 130 1653 1214 1732; baseline 0.002 -13"><span class='ocrx_word' id='word_1_94' title='bbox 130 1657 353 1721; x_wconf 89' lang='lat' dir='ltr'>vehementer</span> <span class='ocrx_word' id='word_1_95' title='bbox 380 1675 457 1718; x_wconf 93' lang='lat' dir='ltr'>eum</span> <span class='ocrx_word' id='word_1_96' title='bbox 486 1653 702 1718; x_wconf 89' lang='lat' dir='ltr'>consentiens</span> <span class='ocrx_word' id='word_1_97' title='bbox 731 1654 867 1718; x_wconf 88' lang='lat' dir='ltr'>Etruria</span> <span class='ocrx_word' id='word_1_98' title='bbox 895 1656 1051 1720; x_wconf 89' lang='lat' dir='ltr'>movebit.</span> <span class='ocrx_word' id='word_1_99' title='bbox 1111 1657 1214 1732; x_wconf 85' lang='lat' dir='ltr'>Cur9</span> 
     </span>
     <span class='ocr_line' id='line_1_14' title="bbox 131 1763 1180 1848; baseline 0.001 -20"><span class='ocrx_word' id='word_1_100' title='bbox 131 1766 216 1829; x_wconf 89' lang='lat' dir='ltr'>haec</span> <span class='ocrx_word' id='word_1_101' title='bbox 234 1763 337 1847; x_wconf 89' lang='lat' dir='ltr'>igitur</span> <span class='ocrx_word' id='word_1_102' title='bbox 353 1763 462 1827; x_wconf 90' lang='lat' dir='ltr'>adhuc</span> <span class='ocrx_word' id='word_1_103' title='bbox 479 1783 596 1845; x_wconf 92' lang='lat' dir='ltr'>parurn</span> <span class='ocrx_word' id='word_1_104' title='bbox 612 1763 852 1844; x_wconf 85' lang='lat' dir='ltr'>profecerunt?</span> <span class='ocrx_word' id='word_1_105' title='bbox 895 1763 984 1847; x_wconf 84' lang='lat' dir='ltr'>Quia</span> <span class='ocrx_word' id='word_1_106' title='bbox 1000 1785 1067 1828; x_wconf 91' lang='lat' dir='ltr'>non</span> <span class='ocrx_word' id='word_1_107' title='bbox 1084 1776 1180 1848; x_wconf 91' lang='lat' dir='ltr'>putat</span> 
     </span>
     <span class='ocr_line' id='line_1_15' title="bbox 131 1871 1180 1954; baseline 0 -16"><span class='ocrx_word' id='word_1_108' title='bbox 131 1894 170 1938; x_wconf 92' lang='lat' dir='ltr'>se</span> <span class='ocrx_word' id='word_1_109' title='bbox 187 1873 357 1937; x_wconf 91' lang='lat' dir='ltr'>sustinere</span> <span class='ocrx_word' id='word_1_110' title='bbox 374 1892 493 1937; x_wconf 90' lang='lat' dir='ltr'>causas</span> <span class='ocrx_word' id='word_1_111' title='bbox 509 1891 610 1954; x_wconf 90' lang='lat' dir='ltr'>posse</span> <span class='ocrx_word' id='word_1_112' title='bbox 626 1871 818 1948; x_wconf 92' lang='lat' dir='ltr'>multorum,</span> <span class='ocrx_word' id='word_1_113' title='bbox 837 1872 866 1936; x_wconf 91' lang='lat' dir='ltr'>si</span> <span class='ocrx_word' id='word_1_114' title='bbox 890 1872 962 1947; x_wconf 92' lang='lat' dir='ltr'>tibi,</span> <span class='ocrx_word' id='word_1_115' title='bbox 981 1874 1035 1937; x_wconf 95' lang='lat' dir='ltr'>cui</span> <span class='ocrx_word' id='word_1_116' title='bbox 1059 1874 1180 1938; x_wconf 92' lang='lat' dir='ltr'>iustius</span> 
     </span>
     <span class='ocr_line' id='line_1_16' title="bbox 131 1980 1177 2064; baseline 0 -19"><span class='ocrx_word' id='word_1_117' title='bbox 131 1983 267 2046; x_wconf 88' lang='lat' dir='ltr'>videtur</span> <span class='ocrx_word' id='word_1_118' title='bbox 293 1980 392 2046; x_wconf 90' lang='lat' dir='ltr'>irasci</span> <span class='ocrx_word' id='word_1_119' title='bbox 419 2000 529 2063; x_wconf 91' lang='lat' dir='ltr'>posse,</span> <span class='ocrx_word' id='word_1_120' title='bbox 558 1980 773 2045; x_wconf 90' lang='lat' dir='ltr'>concesserit.</span> <span class='ocrx_word' id='word_1_121' title='bbox 829 1980 945 2064; x_wconf 82' lang='lat' dir='ltr'>‘Quae</span> <span class='ocrx_word' id='word_1_122' title='bbox 974 1992 1025 2045; x_wconf 91' lang='lat' dir='ltr'>est</span> <span class='ocrx_word' id='word_1_123' title='bbox 1055 1982 1177 2064; x_wconf 90' lang='lat' dir='ltr'>igitur,&#39;</span> 
     </span>
     <span class='ocr_line' id='line_1_17' title="bbox 131 2086 1178 2175; baseline -0.001 -20"><span class='ocrx_word' id='word_1_124' title='bbox 131 2091 275 2175; x_wconf 90' lang='lat' dir='ltr'>inquies,</span> <span class='ocrx_word' id='word_1_125' title='bbox 296 2102 392 2172; x_wconf 85' lang='lat' dir='ltr'>‘spes</span> <span class='ocrx_word' id='word_1_126' title='bbox 409 2090 451 2153; x_wconf 93' lang='lat' dir='ltr'>ab</span> <span class='ocrx_word' id='word_1_127' title='bbox 468 2086 593 2153; x_wconf 88' lang='lat' dir='ltr'>irat0?&#39;</span> <span class='ocrx_word' id='word_1_128' title='bbox 645 2090 774 2153; x_wconf 90' lang='lat' dir='ltr'>Eodem</span> <span class='ocrx_word' id='word_1_129' title='bbox 798 2089 894 2153; x_wconf 84' lang='lat' dir='ltr'>fonte</span> <span class='ocrx_word' id='word_1_130' title='bbox 919 2110 955 2153; x_wconf 88' lang='lat' dir='ltr'>se</span> <span class='ocrx_word' id='word_1_131' title='bbox 980 2090 1178 2154; x_wconf 85' lang='lat' dir='ltr'>hausturum</span> 
     </span>
     <span class='ocr_line' id='line_1_18' title="bbox 131 2197 1176 2283; baseline 0.001 -20"><span class='ocrx_word' id='word_1_132' title='bbox 131 2201 308 2282; x_wconf 87' lang='lat' dir='ltr'>intelleget</span> <span class='ocrx_word' id='word_1_133' title='bbox 347 2199 463 2262; x_wconf 88' lang='lat' dir='ltr'>laudes</span> <span class='ocrx_word' id='word_1_134' title='bbox 503 2219 580 2262; x_wconf 88' lang='lat' dir='ltr'>suas</span> <span class='ocrx_word' id='word_1_135' title='bbox 614 2219 632 2262; x_wconf 92' lang='lat' dir='ltr'>e</span> <span class='ocrx_word' id='word_1_136' title='bbox 664 2219 731 2283; x_wconf 95' lang='lat' dir='ltr'>quo</span> <span class='ocrx_word' id='word_1_137' title='bbox 763 2197 807 2262; x_wconf 89' lang='lat' dir='ltr'>sit</span> <span class='ocrx_word' id='word_1_138' title='bbox 839 2198 959 2262; x_wconf 88' lang='lat' dir='ltr'>leviter</span> <span class='ocrx_word' id='word_1_139' title='bbox 989 2200 1176 2281; x_wconf 88' lang='lat' dir='ltr'>adspersus.</span> 
     </span>
     <span class='ocr_line' id='line_1_19' title="bbox 132 2307 1178 2391; baseline -0.001 -18"><span class='ocrx_word' id='word_1_140' title='bbox 132 2310 307 2373; x_wconf 89' lang='lat' dir='ltr'>Postremo</span> <span class='ocrx_word' id='word_1_141' title='bbox 323 2307 423 2371; x_wconf 94' lang='lat' dir='ltr'>homo</span> <span class='ocrx_word' id='word_1_142' title='bbox 439 2308 535 2370; x_wconf 86' lang='lat' dir='ltr'>valde</span> <span class='ocrx_word' id='word_1_143' title='bbox 552 2316 604 2370; x_wconf 93' lang='lat' dir='ltr'>est</span> <span class='ocrx_word' id='word_1_144' title='bbox 621 2316 739 2371; x_wconf 91' lang='lat' dir='ltr'>acutus</span> <span class='ocrx_word' id='word_1_145' title='bbox 760 2316 794 2371; x_wconf 91' lang='lat' dir='ltr'>et</span> <span class='ocrx_word' id='word_1_146' title='bbox 818 2308 960 2370; x_wconf 92' lang='lat' dir='ltr'>multum</span> <span class='ocrx_word' id='word_1_147' title='bbox 985 2308 1178 2391; x_wconf 76' lang='lat' dir='ltr'>providens:</span> 
     </span>
     <span class='ocr_line' id='line_1_20' title="bbox 131 2414 1178 2500; baseline -0.001 -19"><span class='ocrx_word' id='word_1_148' title='bbox 131 2417 299 2500; x_wconf 84' lang='lat' dir='ltr'>intellegit</span> <span class='ocrx_word' id='word_1_149' title='bbox 326 2426 370 2493; x_wconf 93' lang='lat' dir='ltr'>te,</span> <span class='ocrx_word' id='word_1_150' title='bbox 396 2416 568 2479; x_wconf 91' lang='lat' dir='ltr'>hominem</span> <span class='ocrx_word' id='word_1_151' title='bbox 599 2415 634 2478; x_wconf 91' lang='lat' dir='ltr'>in</span> <span class='ocrx_word' id='word_1_152' title='bbox 662 2425 758 2498; x_wconf 87' lang='lat' dir='ltr'>parte</span> <span class='ocrx_word' id='word_1_153' title='bbox 791 2414 909 2479; x_wconf 91' lang='lat' dir='ltr'>ltaliae</span> <span class='ocrx_word' id='word_1_154' title='bbox 937 2417 1074 2479; x_wconf 89' lang='lat' dir='ltr'>minime</span> <span class='ocrx_word' id='word_1_155' title='bbox 1103 2438 1178 2481; x_wconf 92' lang='lat' dir='ltr'>con-</span> 
     </span>
     <span class='ocr_line' id='line_1_21' title="bbox 131 2522 1178 2590; baseline -0.002 0"><span class='ocrx_word' id='word_1_156' title='bbox 131 2526 315 2590; x_wconf 88' lang='lat' dir='ltr'>temnenda</span> <span class='ocrx_word' id='word_1_157' title='bbox 330 2525 430 2589; x_wconf 86' lang='lat' dir='ltr'>facile</span> <span class='ocrx_word' id='word_1_158' title='bbox 446 2522 867 2588; x_wconf 88' lang='lat' dir='ltr'>omniumnobilissimum</span> <span class='ocrx_word' id='word_1_159' title='bbox 891 2534 924 2588; x_wconf 93' lang='lat' dir='ltr'>et</span> <span class='ocrx_word' id='word_1_160' title='bbox 950 2525 983 2587; x_wconf 90' lang='lat' dir='ltr'>in</span> <span class='ocrx_word' id='word_1_161' title='bbox 1009 2527 1178 2589; x_wconf 92' lang='lat' dir='ltr'>communi</span> 
     </span>
     <span class='ocr_line' id='line_1_22' title="bbox 132 2632 1177 2718; baseline -0.002 -19"><span class='ocrx_word' id='word_1_162' title='bbox 132 2656 168 2699; x_wconf 91' lang='lat' dir='ltr'>re</span> <span class='ocrx_word' id='word_1_163' title='bbox 197 2656 228 2718; x_wconf 92' lang='lat' dir='ltr'>p.</span> <span class='ocrx_word' id='word_1_164' title='bbox 257 2634 362 2698; x_wconf 93' lang='lat' dir='ltr'>cuivis</span> <span class='ocrx_word' id='word_1_165' title='bbox 390 2653 597 2698; x_wconf 91' lang='lat' dir='ltr'>summorum</span> <span class='ocrx_word' id='word_1_166' title='bbox 626 2641 704 2696; x_wconf 89' lang='lat' dir='ltr'>tuae</span> <span class='ocrx_word' id='word_1_167' title='bbox 732 2632 853 2696; x_wconf 89' lang='lat' dir='ltr'>aetatis</span> <span class='ocrx_word' id='word_1_168' title='bbox 880 2633 933 2696; x_wconf 91' lang='lat' dir='ltr'>vel</span> <span class='ocrx_word' id='word_1_169' title='bbox 962 2633 1099 2715; x_wconf 89' lang='lat' dir='ltr'>ingenio</span> <span class='ocrx_word' id='word_1_170' title='bbox 1125 2635 1177 2697; x_wconf 88' lang='lat' dir='ltr'>vel</span> 
     </span>
    </p>
   </div>
   <div class='ocr_carea' id='block_1_3' title="bbox 129 2789 1178 3858">
    <p class='ocr_par' dir='ltr' id='par_1_3' title="bbox 129 2789 1178 3592">
     <span class='ocr_line' id='line_1_23' title="bbox 130 2789 1178 2857; baseline -0.003 -12"><span class='ocrx_word' id='word_1_171' title='bbox 130 2795 206 2845; x_wconf 81' lang='lat' dir='ltr'>Serv.</span> <span class='ocrx_word' id='word_1_172' title='bbox 226 2808 261 2843; x_wconf 93' lang='lat' dir='ltr'>on</span> <span class='ocrx_word' id='word_1_173' title='bbox 281 2793 360 2856; x_wconf 85' lang='lat' dir='ltr'>Verg.</span> <span class='ocrx_word' id='word_1_174' title='bbox 381 2794 445 2841; x_wconf 84' lang='lat' dir='ltr'>Aen.</span> <span class='ocrx_word' id='word_1_175' title='bbox 463 2806 485 2857; x_wconf 85' lang='lat'>3.</span> <span class='ocrx_word' id='word_1_176' title='bbox 508 2791 563 2856; x_wconf 88' lang='lat'>361.</span> <span class='ocrx_word' id='word_1_177' title='bbox 598 2791 629 2840; x_wconf 90' lang='lat' dir='ltr'>ln</span> <span class='ocrx_word' id='word_1_178' title='bbox 683 2789 827 2841; x_wconf 85' lang='lat' dir='ltr'>Billerbeck</span> <span class='ocrx_word' id='word_1_179' title='bbox 850 2791 973 2841; x_wconf 88' lang='lat' dir='ltr'>surmises</span> <span class='ocrx_word' id='word_1_180' title='bbox 999 2791 1057 2840; x_wconf 89' lang='lat' dir='ltr'>that</span> <span class='ocrx_word' id='word_1_181' title='bbox 1081 2791 1103 2841; x_wconf 90' lang='lat' dir='ltr'>it</span> <span class='ocrx_word' id='word_1_182' title='bbox 1125 2808 1178 2842; x_wconf 84' lang='lat' dir='ltr'>was</span> 
     </span>
     <span class='ocr_line' id='line_1_24' title="bbox 131 2857 1176 2924; baseline -0.004 -12"><span class='ocrx_word' id='word_1_183' title='bbox 131 2861 226 2924; x_wconf 86' lang='lat' dir='ltr'>taking</span> <span class='ocrx_word' id='word_1_184' title='bbox 253 2860 298 2910; x_wconf 89' lang='lat' dir='ltr'>the</span> <span class='ocrx_word' id='word_1_185' title='bbox 327 2859 453 2922; x_wconf 86' lang='lat' dir='ltr'>auspices,</span> <span class='ocrx_word' id='word_1_186' title='bbox 477 2859 522 2908; x_wconf 88' lang='lat' dir='ltr'>the</span> <span class='ocrx_word' id='word_1_187' title='bbox 548 2873 631 2921; x_wconf 83' lang='lat' dir='ltr'>augur</span> <span class='ocrx_word' id='word_1_188' title='bbox 681 2858 779 2907; x_wconf 90' lang='lat' dir='ltr'>similar</span> <span class='ocrx_word' id='word_1_189' title='bbox 806 2865 835 2906; x_wconf 89' lang='lat' dir='ltr'>to</span> <span class='ocrx_word' id='word_1_190' title='bbox 865 2857 956 2908; x_wconf 88' lang='lat' dir='ltr'>Ovid’s</span> <span class='ocrx_word' id='word_1_191' title='bbox 990 2859 1093 2906; x_wconf 83' lang='lat' dir='ltr'>Tristia.</span> <span class='ocrx_word' id='word_1_192' title='bbox 1134 2860 1176 2908; x_wconf 91' lang='lat' dir='ltr'>On</span> 
     </span>
     <span class='ocr_line' id='line_1_25' title="bbox 131 2924 1176 2989; baseline -0.005 -11"><span class='ocrx_word' id='word_1_193' title='bbox 131 2927 210 2978; x_wconf 78' lang='lat' dir='ltr'>faced</span> <span class='ocrx_word' id='word_1_194' title='bbox 230 2927 317 2984; x_wconf 90' lang='lat' dir='ltr'>south,</span> <span class='ocrx_word' id='word_1_195' title='bbox 341 2924 393 2974; x_wconf 87' lang='lat' dir='ltr'>and</span> <span class='ocrx_word' id='word_1_196' title='bbox 416 2925 461 2975; x_wconf 85' lang='lat' dir='ltr'>the</span> <span class='ocrx_word' id='word_1_197' title='bbox 479 2934 544 2983; x_wconf 89' lang='lat' dir='ltr'>east,</span> <span class='ocrx_word' id='word_1_198' title='bbox 561 2925 630 2974; x_wconf 85' lang='lat' dir='ltr'>from</span> <span class='ocrx_word' id='word_1_199' title='bbox 682 2925 802 2974; x_wconf 88' lang='lat' dir='ltr'>Caesar’s</span> <span class='ocrx_word' id='word_1_200' title='bbox 820 2925 957 2989; x_wconf 87' lang='lat' dir='ltr'>clemency‚</span> <span class='ocrx_word' id='word_1_201' title='bbox 976 2924 1008 2973; x_wconf 87' lang='lat' dir='ltr'>cl.</span> <span class='ocrx_word' id='word_1_202' title='bbox 1035 2926 1105 2973; x_wconf 88' lang='lat' dir='ltr'>Suet.</span> <span class='ocrx_word' id='word_1_203' title='bbox 1124 2927 1176 2974; x_wconf 88' lang='lat' dir='ltr'>Iul.</span> 
     </span>
     <span class='ocr_line' id='line_1_26' title="bbox 132 2991 1176 3054; baseline -0.005 -9"><span class='ocrx_word' id='word_1_204' title='bbox 132 2995 217 3045; x_wconf 82' lang='lat' dir='ltr'>which</span> <span class='ocrx_word' id='word_1_205' title='bbox 251 2992 385 3043; x_wconf 77' lang='lat' dir='ltr'>favorable</span> <span class='ocrx_word' id='word_1_206' title='bbox 422 3008 514 3041; x_wconf 88' lang='lat' dir='ltr'>omens</span> <span class='ocrx_word' id='word_1_207' title='bbox 548 3007 628 3049; x_wconf 85' lang='lat' dir='ltr'>came,</span> <span class='ocrx_word' id='word_1_208' title='bbox 682 3003 713 3054; x_wconf 82' lang='lat'>75</span> <span class='ocrx_word' id='word_1_209' title='bbox 737 2991 789 3040; x_wconf 89' lang='lat' dir='ltr'>and</span> <span class='ocrx_word' id='word_1_210' title='bbox 813 2991 934 3041; x_wconf 89' lang='lat' dir='ltr'>Caesar’s</span> <span class='ocrx_word' id='word_1_211' title='bbox 957 3006 1014 3039; x_wconf 90' lang='lat' dir='ltr'>own</span> <span class='ocrx_word' id='word_1_212' title='bbox 1039 2991 1124 3040; x_wconf 86' lang='lat' dir='ltr'>words</span> <span class='ocrx_word' id='word_1_213' title='bbox 1148 3000 1176 3040; x_wconf 94' lang='lat' dir='ltr'>to</span> 
     </span>
     <span class='ocr_line' id='line_1_27' title="bbox 130 3057 1177 3123; baseline -0.004 -13"><span class='ocrx_word' id='word_1_214' title='bbox 130 3059 220 3110; x_wconf 82' lang='lat' dir='ltr'>would</span> <span class='ocrx_word' id='word_1_215' title='bbox 235 3060 268 3108; x_wconf 89' lang='lat' dir='ltr'>be</span> <span class='ocrx_word' id='word_1_216' title='bbox 285 3068 313 3108; x_wconf 90' lang='lat' dir='ltr'>to</span> <span class='ocrx_word' id='word_1_217' title='bbox 331 3059 372 3109; x_wconf 83' lang='lat' dir='ltr'>his</span> <span class='ocrx_word' id='word_1_218' title='bbox 390 3059 438 3108; x_wconf 79' lang='lat' dir='ltr'>left</span> <span class='ocrx_word' id='word_1_219' title='bbox 452 3059 630 3123; x_wconf 81' lang='lat' dir='ltr'>(sinistra).—</span> <span class='ocrx_word' id='word_1_220' title='bbox 681 3057 773 3106; x_wconf 91' lang='lat' dir='ltr'>Cicero</span> <span class='ocrx_word' id='word_1_221' title='bbox 794 3057 856 3119; x_wconf 79' lang='lat' dir='ltr'>(Art.</span> <span class='ocrx_word' id='word_1_222' title='bbox 869 3071 892 3121; x_wconf 90' lang='lat'>9.</span> <span class='ocrx_word' id='word_1_223' title='bbox 908 3058 945 3106; x_wconf 86' lang='lat'>16.</span> <span class='ocrx_word' id='word_1_224' title='bbox 959 3058 1002 3122; x_wconf 87' lang='lat'>2):</span> <span class='ocrx_word' id='word_1_225' title='bbox 1020 3057 1083 3106; x_wconf 81' lang='lat' dir='ltr'>r&#39;ecte</span> <span class='ocrx_word' id='word_1_226' title='bbox 1099 3075 1177 3123; x_wconf 76' lang='lat' dir='ltr'>augu-</span> 
     </span>
     <span class='ocr_line' id='line_1_28' title="bbox 131 3125 1176 3189; baseline -0.003 -12"><span class='ocrx_word' id='word_1_227' title='bbox 131 3127 277 3177; x_wconf 77' lang='lat' dir='ltr'>involatu:</span> <span class='ocrx_word' id='word_1_228' title='bbox 289 3126 323 3176; x_wconf 82' lang='lat' dir='ltr'>ci.</span> <span class='ocrx_word' id='word_1_229' title='bbox 335 3128 455 3183; x_wconf 80' lang='lat' dir='ltr'>invitatu,</span> <span class='ocrx_word' id='word_1_230' title='bbox 467 3127 514 3189; x_wconf 89' lang='lat' dir='ltr'>Ep.</span> <span class='ocrx_word' id='word_1_231' title='bbox 526 3126 602 3175; x_wconf 92' lang='lat' dir='ltr'>XXI.</span> <span class='ocrx_word' id='word_1_232' title='bbox 614 3138 627 3172; x_wconf 87' lang='lat'>2</span> <span class='ocrx_word' id='word_1_233' title='bbox 680 3126 750 3172; x_wconf 85' lang='lat' dir='ltr'>raris</span> <span class='ocrx_word' id='word_1_234' title='bbox 762 3125 792 3174; x_wconf 87' lang='lat' dir='ltr'>de</span> <span class='ocrx_word' id='word_1_235' title='bbox 804 3125 948 3173; x_wconf 76' lang='lat' dir='ltr'>nte-bene</span> <span class='ocrx_word' id='word_1_236' title='bbox 958 3125 1025 3173; x_wconf 75' lang='lat' dir='ltr'>enim</span> <span class='ocrx_word' id='word_1_237' title='bbox 1040 3127 1087 3173; x_wconf 75' lang='lat' dir='ltr'>tibi</span> <span class='ocrx_word' id='word_1_238' title='bbox 1095 3128 1176 3188; x_wconf 75' lang='lat' dir='ltr'>cogni-</span> 
     </span>
     <span class='ocr_line' id='line_1_29' title="bbox 131 3191 1177 3257; baseline -0.003 -14"><span class='ocrx_word' id='word_1_239' title='bbox 131 3211 157 3244; x_wconf 88' lang='lat' dir='ltr'>n.</span> <span class='ocrx_word' id='word_1_240' title='bbox 165 3221 200 3230; x_wconf 89' lang='lat'><em>—</em></span> <span class='ocrx_word' id='word_1_241' title='bbox 207 3194 235 3242; x_wconf 88' lang='lat' dir='ltr'>in</span> <span class='ocrx_word' id='word_1_242' title='bbox 245 3202 346 3243; x_wconf 78' lang='lat' dir='ltr'>nostra</span> <span class='ocrx_word' id='word_1_243' title='bbox 355 3193 507 3257; x_wconf 83' lang='lat' dir='ltr'>disciplina</span> <span class='ocrx_word' id='word_1_244' title='bbox 517 3209 522 3239; x_wconf 93' lang='lat'><strong>:</strong></span> <span class='ocrx_word' id='word_1_245' title='bbox 536 3193 628 3241; x_wconf 90' lang='lat' dir='ltr'>Cicero</span> <span class='ocrx_word' id='word_1_246' title='bbox 678 3198 720 3238; x_wconf 86' lang='lat' dir='ltr'>tus</span> <span class='ocrx_word' id='word_1_247' title='bbox 728 3207 784 3240; x_wconf 86' lang='lat' dir='ltr'>sum</span> <span class='ocrx_word' id='word_1_248' title='bbox 791 3218 825 3227; x_wconf 96' lang='lat'>—</span> <span class='ocrx_word' id='word_1_249' title='bbox 835 3192 905 3240; x_wconf 80' lang='lat' dir='ltr'>m&#39;hil</span> <span class='ocrx_word' id='word_1_250' title='bbox 910 3209 926 3241; x_wconf 88' lang='lat' dir='ltr'>a</span> <span class='ocrx_word' id='word_1_251' title='bbox 936 3208 976 3239; x_wconf 84' lang='lat' dir='ltr'>me</span> <span class='ocrx_word' id='word_1_252' title='bbox 983 3191 1065 3239; x_wconf 81' lang='lat' dir='ltr'>abesse</span> <span class='ocrx_word' id='word_1_253' title='bbox 1075 3194 1177 3254; x_wconf 68' lang='lat' dir='ltr'>lougius</span> 
     </span>
     <span class='ocr_line' id='line_1_30' title="bbox 129 3258 1177 3325; baseline -0.001 -15"><span class='ocrx_word' id='word_1_254' title='bbox 129 3261 238 3310; x_wconf 88' lang='lat' dir='ltr'>became</span> <span class='ocrx_word' id='word_1_255' title='bbox 250 3275 283 3309; x_wconf 88' lang='lat' dir='ltr'>an</span> <span class='ocrx_word' id='word_1_256' title='bbox 295 3275 378 3322; x_wconf 85' lang='lat' dir='ltr'>augur</span> <span class='ocrx_word' id='word_1_257' title='bbox 389 3259 415 3308; x_wconf 91' lang='lat' dir='ltr'>in</span> <span class='ocrx_word' id='word_1_258' title='bbox 430 3273 460 3325; x_wconf 84' lang='lat'>53</span> <span class='ocrx_word' id='word_1_259' title='bbox 473 3271 522 3308; x_wconf 72' lang='lat' dir='ltr'>ne.</span> <span class='ocrx_word' id='word_1_260' title='bbox 532 3288 566 3296; x_wconf 93' lang='lat'>—</span> <span class='ocrx_word' id='word_1_261' title='bbox 574 3271 628 3308; x_wconf 86' lang='lat' dir='ltr'>nec</span> <span class='ocrx_word' id='word_1_262' title='bbox 679 3259 871 3307; x_wconf 85' lang='lat' dir='ltr'>crudelitate.—</span> <span class='ocrx_word' id='word_1_263' title='bbox 879 3258 1065 3307; x_wconf 86' lang='lat' dir='ltr'>consentiens</span> <span class='ocrx_word' id='word_1_264' title='bbox 1090 3260 1177 3309; x_wconf 87' lang='lat' dir='ltr'>Etru·</span> 
     </span>
     <span class='ocr_line' id='line_1_31' title="bbox 130 3324 1176 3383; baseline -0.004 -5"><span class='ocrx_word' id='word_1_265' title='bbox 130 3327 348 3378; x_wconf 75' lang='lat' dir='ltr'>...souiviiszif</span> <span class='ocrx_word' id='word_1_266' title='bbox 356 3325 628 3375; x_wconf 84' lang='lat' dir='ltr'>thesacredchiclrens</span> <span class='ocrx_word' id='word_1_267' title='bbox 679 3324 738 3372; x_wconf 89' lang='lat' dir='ltr'>ria:</span> <span class='ocrx_word' id='word_1_268' title='bbox 760 3325 870 3383; x_wconf 90' lang='lat' dir='ltr'>Etruria,</span> <span class='ocrx_word' id='word_1_269' title='bbox 890 3340 919 3373; x_wconf 87' lang='lat' dir='ltr'>as</span> <span class='ocrx_word' id='word_1_270' title='bbox 938 3325 1072 3374; x_wconf 86' lang='lat' dir='ltr'>Caecina&#39;s</span> <span class='ocrx_word' id='word_1_271' title='bbox 1089 3327 1176 3374; x_wconf 90' lang='lat' dir='ltr'>native</span> 
     </span>
     <span class='ocr_line' id='line_1_32' title="bbox 130 3391 1175 3458; baseline -0.005 -14"><span class='ocrx_word' id='word_1_272' title='bbox 130 3403 174 3444; x_wconf 86' lang='lat' dir='ltr'>ate</span> <span class='ocrx_word' id='word_1_273' title='bbox 191 3395 237 3444; x_wconf 84' lang='lat' dir='ltr'>the</span> <span class='ocrx_word' id='word_1_274' title='bbox 258 3395 331 3458; x_wconf 87' lang='lat' dir='ltr'>pulse</span> <span class='ocrx_word' id='word_1_275' title='bbox 355 3408 386 3442; x_wconf 92' lang='lat' dir='ltr'>so</span> <span class='ocrx_word' id='word_1_276' title='bbox 409 3393 510 3458; x_wconf 88' lang='lat' dir='ltr'>rapidly</span> <span class='ocrx_word' id='word_1_277' title='bbox 533 3393 590 3441; x_wconf 85' lang='lat' dir='ltr'>that</span> <span class='ocrx_word' id='word_1_278' title='bbox 613 3407 629 3440; x_wconf 83' lang='lat' dir='ltr'>a</span> <span class='ocrx_word' id='word_1_279' title='bbox 679 3391 808 3454; x_wconf 80' lang='lat' dir='ltr'>province,</span> <span class='ocrx_word' id='word_1_280' title='bbox 828 3392 915 3440; x_wconf 88' lang='lat' dir='ltr'>would</span> <span class='ocrx_word' id='word_1_281' title='bbox 934 3392 1009 3440; x_wconf 82' lang='lat' dir='ltr'>favor</span> <span class='ocrx_word' id='word_1_282' title='bbox 1030 3391 1070 3440; x_wconf 90' lang='lat' dir='ltr'>his</span> <span class='ocrx_word' id='word_1_283' title='bbox 1091 3393 1175 3440; x_wconf 86' lang='lat' dir='ltr'>recall.</span> 
     </span>
     <span class='ocr_line' id='line_1_33' title="bbox 129 3457 1176 3525; baseline -0.002 -15"><span class='ocrx_word' id='word_1_284' title='bbox 129 3469 189 3525; x_wconf 83' lang='lat' dir='ltr'>part</span> <span class='ocrx_word' id='word_1_285' title='bbox 207 3461 236 3509; x_wconf 80' lang='lat' dir='ltr'>of</span> <span class='ocrx_word' id='word_1_286' title='bbox 252 3461 273 3510; x_wconf 92' lang='lat' dir='ltr'>it</span> <span class='ocrx_word' id='word_1_287' title='bbox 290 3460 335 3510; x_wconf 82' lang='lat' dir='ltr'>fell</span> <span class='ocrx_word' id='word_1_288' title='bbox 352 3468 380 3508; x_wconf 91' lang='lat' dir='ltr'>to</span> <span class='ocrx_word' id='word_1_289' title='bbox 399 3459 443 3510; x_wconf 89' lang='lat' dir='ltr'>the</span> <span class='ocrx_word' id='word_1_290' title='bbox 460 3459 570 3524; x_wconf 87' lang='lat' dir='ltr'>ground,</span> <span class='ocrx_word' id='word_1_291' title='bbox 584 3459 628 3508; x_wconf 90' lang='lat' dir='ltr'>the</span> <span class='ocrx_word' id='word_1_292' title='bbox 712 3471 735 3520; x_wconf 90' lang='lat'>9.</span> <span class='ocrx_word' id='word_1_293' title='bbox 753 3457 855 3507; x_wconf 86' lang='lat' dir='ltr'>leviter</span> <span class='ocrx_word' id='word_1_294' title='bbox 876 3459 1044 3522; x_wconf 85' lang='lat' dir='ltr'>adspersus:</span> <span class='ocrx_word' id='word_1_295' title='bbox 1067 3459 1094 3507; x_wconf 92' lang='lat' dir='ltr'>in</span> <span class='ocrx_word' id='word_1_296' title='bbox 1114 3460 1176 3508; x_wconf 78' lang='lat' dir='ltr'>Cae</span> 
     </span>
     <span class='ocr_line' id='line_1_34' title="bbox 129 3524 1175 3592; baseline -0.005 -14"><span class='ocrx_word' id='word_1_297' title='bbox 129 3529 250 3592; x_wconf 86' lang='lat' dir='ltr'>auspices</span> <span class='ocrx_word' id='word_1_298' title='bbox 268 3542 333 3576; x_wconf 86' lang='lat' dir='ltr'>were</span> <span class='ocrx_word' id='word_1_299' title='bbox 353 3526 494 3575; x_wconf 86' lang='lat' dir='ltr'>favorable.</span> <span class='ocrx_word' id='word_1_300' title='bbox 678 3524 759 3573; x_wconf 88' lang='lat' dir='ltr'>cina’s</span> <span class='ocrx_word' id='word_1_301' title='bbox 767 3524 823 3574; x_wconf 88' lang='lat' dir='ltr'>first</span> <span class='ocrx_word' id='word_1_302' title='bbox 836 3525 951 3588; x_wconf 86' lang='lat' dir='ltr'>political</span> <span class='ocrx_word' id='word_1_303' title='bbox 964 3525 1106 3588; x_wconf 88' lang='lat' dir='ltr'>pamphlet.</span> <span class='ocrx_word' id='word_1_304' title='bbox 1134 3525 1175 3574; x_wconf 76' lang='lat' dir='ltr'>Cf.</span> 
     </span>
    </p>

    <p class='ocr_par' dir='ltr' id='par_1_4' title="bbox 130 3590 1177 3858">
     <span class='ocr_line' id='line_1_35' title="bbox 164 3590 1177 3658; baseline -0.003 -15"><span class='ocrx_word' id='word_1_305' title='bbox 164 3595 188 3643; x_wconf 92' lang='lat'>8.</span> <span class='ocrx_word' id='word_1_306' title='bbox 199 3592 543 3658; x_wconf 80' lang='lat' dir='ltr'>Querelarum:Caecina’s</span> <span class='ocrx_word' id='word_1_307' title='bbox 553 3593 629 3640; x_wconf 83' lang='lat' dir='ltr'>Liber</span> <span class='ocrx_word' id='word_1_308' title='bbox 678 3590 773 3640; x_wconf 90' lang='lat' dir='ltr'>introd.</span> <span class='ocrx_word' id='word_1_309' title='bbox 791 3600 862 3641; x_wconf 92' lang='lat' dir='ltr'>note.</span> <span class='ocrx_word' id='word_1_310' title='bbox 897 3592 938 3640; x_wconf 89' lang='lat' dir='ltr'>To</span> <span class='ocrx_word' id='word_1_311' title='bbox 956 3606 1101 3654; x_wconf 84' lang='lat' dir='ltr'>encourage</span> <span class='ocrx_word' id='word_1_312' title='bbox 1113 3593 1177 3640; x_wconf 77' lang='lat' dir='ltr'>Cae</span> 
     </span>
     <span class='ocr_line' id='line_1_36' title="bbox 131 3657 1176 3723; baseline -0.004 -13"><span class='ocrx_word' id='word_1_313' title='bbox 131 3662 301 3722; x_wconf 80' lang='lat' dir='ltr'>Querelarum</span> <span class='ocrx_word' id='word_1_314' title='bbox 315 3675 367 3708; x_wconf 87' lang='lat' dir='ltr'>was</span> <span class='ocrx_word' id='word_1_315' title='bbox 383 3659 542 3723; x_wconf 83' lang='lat' dir='ltr'>evidentlya</span> <span class='ocrx_word' id='word_1_316' title='bbox 557 3658 628 3707; x_wconf 90' lang='lat' dir='ltr'>book</span> <span class='ocrx_word' id='word_1_317' title='bbox 679 3658 745 3716; x_wconf 87' lang='lat' dir='ltr'>cina,</span> <span class='ocrx_word' id='word_1_318' title='bbox 763 3657 856 3707; x_wconf 92' lang='lat' dir='ltr'>Cicero</span> <span class='ocrx_word' id='word_1_319' title='bbox 877 3658 1021 3706; x_wconf 87' lang='lat' dir='ltr'>minimizes</span> <span class='ocrx_word' id='word_1_320' title='bbox 1044 3659 1088 3707; x_wconf 92' lang='lat' dir='ltr'>the</span> <span class='ocrx_word' id='word_1_321' title='bbox 1112 3659 1176 3707; x_wconf 90' lang='lat' dir='ltr'>viru-</span> 
     </span>
     <span class='ocr_line' id='line_1_37' title="bbox 130 3723 1175 3792; baseline -0.005 -15"><span class='ocrx_word' id='word_1_322' title='bbox 130 3728 347 3792; x_wconf 89' lang='lat' dir='ltr'>complimentary</span> <span class='ocrx_word' id='word_1_323' title='bbox 369 3734 398 3774; x_wconf 85' lang='lat' dir='ltr'>to</span> <span class='ocrx_word' id='word_1_324' title='bbox 428 3727 532 3783; x_wconf 87' lang='lat' dir='ltr'>Caesar,</span> <span class='ocrx_word' id='word_1_325' title='bbox 546 3723 627 3774; x_wconf 86' lang='lat' dir='ltr'>which</span> <span class='ocrx_word' id='word_1_326' title='bbox 678 3725 752 3774; x_wconf 81' lang='lat' dir='ltr'>lence</span> <span class='ocrx_word' id='word_1_327' title='bbox 781 3725 810 3773; x_wconf 84' lang='lat' dir='ltr'>ol</span> <span class='ocrx_word' id='word_1_328' title='bbox 835 3724 876 3774; x_wconf 90' lang='lat' dir='ltr'>his</span> <span class='ocrx_word' id='word_1_329' title='bbox 899 3724 988 3773; x_wconf 86' lang='lat' dir='ltr'>attack</span> <span class='ocrx_word' id='word_1_330' title='bbox 1012 3739 1047 3772; x_wconf 92' lang='lat' dir='ltr'>on</span> <span class='ocrx_word' id='word_1_331' title='bbox 1071 3725 1175 3774; x_wconf 89' lang='lat' dir='ltr'>Caesar.</span> 
     </span>
     <span class='ocr_line' id='line_1_38' title="bbox 130 3791 1177 3858; baseline -0.003 -14"><span class='ocrx_word' id='word_1_332' title='bbox 130 3795 246 3844; x_wconf 85' lang='lat' dir='ltr'>Caecina</span> <span class='ocrx_word' id='word_1_333' title='bbox 273 3801 353 3843; x_wconf 85' lang='lat' dir='ltr'>wrote</span> <span class='ocrx_word' id='word_1_334' title='bbox 384 3792 460 3842; x_wconf 88' lang='lat' dir='ltr'>while</span> <span class='ocrx_word' id='word_1_335' title='bbox 493 3792 520 3841; x_wconf 89' lang='lat' dir='ltr'>in</span> <span class='ocrx_word' id='word_1_336' title='bbox 554 3792 628 3842; x_wconf 86' lang='lat' dir='ltr'>exile.</span> <span class='ocrx_word' id='word_1_337' title='bbox 680 3791 822 3841; x_wconf 91' lang='lat' dir='ltr'>Suetonius</span> <span class='ocrx_word' id='word_1_338' title='bbox 834 3791 958 3858; x_wconf 83' lang='lat' dir='ltr'>(Iul.75),</span> <span class='ocrx_word' id='word_1_339' title='bbox 969 3791 1097 3850; x_wconf 85' lang='lat' dir='ltr'>however,</span> <span class='ocrx_word' id='word_1_340' title='bbox 1107 3791 1177 3841; x_wconf 83' lang='lat' dir='ltr'>char·</span> 
     </span>
    </p>
   </div>
   <div class='ocr_carea' id='block_1_4' title="bbox 0 0 1412 4328">
    <p class='ocr_par' dir='ltr' id='par_1_5' title="bbox 0 0 1412 4328">
     <span class='ocr_line' id='line_1_39' title="bbox 0 0 1412 4328; baseline 0 1"><span class='ocrx_word' id='word_1_341' title='bbox 0 0 1412 4328; x_wconf 95' lang='lat' dir='ltr'> </span> 
     </span>
    </p>
   </div>
  </div>
 </body>
</html>
