2834 4326
220 205 254 254 36
462 181 465 186 ’
560 205 726 257 creeno’s
752 207 927 258 terrens.
1144 207 1210 274 [114.Ὶ
1225 211 1275 261 vr

187 397 204 448 9
222 371 378 453 copiosus
395 371 454 436 tui.
489 373 580 436 Ecce
596 372 680 436 aliae
697 372 836 437 deliciae
853 373 1005 457 equitum
1022 373 1077 437 vix
1092 373 1272 442 ferendae!
1315 433 1317 438 ,

221 500 304 563 quas
321 500 384 562 ego
401 501 469 544 non
487 482 595 545 solum
612 481 684 558 tuli,
705 482 764 545 sed
781 482 882 547 etiam
900 483 1026 546 ornavi.
1073 483 1194 547 Asiam
1211 487 1273 569 qui

221 590 263 652 de
289 589 485 652 censoribus
510 589 749 666 conduxerant,
776 590 888 674 questi
916 601 995 654 sunt
1023 591 1057 655 in
1083 599 1204 656 senatu
1234 615 1271 658 se

222 697 406 779 cupiditate
422 698 594 780 prolapsos
618 697 758 761 nimium
776 719 897 781 magno
918 699 1146 777 conduxisse;·
1159 711 1196 764 ut
1222 701 1285 764 in·-

221 807 400 870 duceretur
421 806 542 870 locatio
567 806 832 888 postulaverunt.
883 808 958 890 Ego
983 807 1139 890 princeps
1162 809 1197 871 in
1214 811 1271 873 ad-

222 914 395 990 iutoribus,
414 924 515 997 atque
540 915 623 978 adeo
648 916 842 993 secundus;
867 936 945 978 nam
971 925 1007 979 ut
1033 915 1080 979 illi
1104 917 1269 981 auderent
1293 961 1302 988 2

221 1023 284 1086 hoc
301 1022 470 1104 postulare
489 1022 630 1087 Crassus
649 1043 706 1087 eos
731 1023 872 1106 impulit.
924 1024 1094 1088 Invidiosa
1119 1045 1180 1101 res,
1201 1036 1270 1089 tur·
1316 1029 1319 1034 '

221 1131 272 1213 pis
289 1131 471 1212 postulatio
488 1141 521 1194 et
540 1130 709 1196 confessio
733 1132 942 1196 temeritatis.
994 1131 1170 1196 Summum
1196 1144 1268 1197 erat

221 1239 407 1321 periculum
424 1259 476 1313 ne,
496 1239 524 1302 si
542 1239 625 1303 nihil
650 1239 899 1322 impetrassent,
918 1241 1016 1322 plane
1040 1241 1269 1306 alienarentur

221 1367 241 1410 a
261 1357 389 1412 senatu.
441 1347 532 1411 Huic
553 1368 686 1430 quoque
703 1348 751 1412 rei
776 1350 979 1413 subventum
1004 1358 1056 1412 est
1081 1349 1223 1413 maxime
1248 1371 1268 1414 a

222 1456 328 1532 nobis,
344 1455 598 1539 perfectumque
617 1465 652 1519 ut
670 1457 945 1539 frequentissimo
962 1466 1082 1520 senatu
1100 1467 1133 1520 et
1150 1457 1267 1522 libera-

222 1564 348 1627 lissimo
365 1573 551 1639 uterentur,
570 1564 742 1647 multaque
759 1586 779 1628 a
795 1585 848 1629 me
865 1567 906 1629 de
929 1565 1083 1628 ordinum
1101 1565 1269 1649 dignitate

223 1682 256 1735 et
285 1673 463 1737 concordia
486 1673 577 1736 dicta
605 1682 683 1736 sunt
717 1674 793 1737 Kal.
824 1675 1000 1738 Decembr.
1032 1683 1066 1737 et
1093 1675 1266 1756 postridie.

224 1781 343 1864 Neque
372 1781 480 1844 adhuc
508 1802 562 1844 res
591 1781 746 1845 coniecta
775 1791 836 1858 est,
862 1783 921 1846 sed
945 1781 1100 1846 voluntas
1127 1793 1267 1847 senatus

222 1898 406 1971 perspecta.
455 1890 553 1953 Vnus
572 1890 660 1952 enim
679 1891 940 1954 contradixerat
966 1891 1124 1955 Metellus
1148 1892 1267 1955 consul

222 1998 427 2079 designatus,
458 2018 611 2081 unusque
640 2007 711 2060 erat
740 1999 901 2075 dicturus,
928 2000 969 2063 ad
997 2019 1097 2083 quem
1129 2010 1267 2081 propter

222 2105 289 2170 diei
313 2105 512 2169 brevitatem
541 2116 741 2188 perventum
766 2127 833 2170 non
859 2117 920 2182 est,
947 2107 1046 2170 heros
1071 2106 1126 2171 ille
1150 2117 1267 2172 noster

176 2247 205 2283 ro
223 2214 317 2279 Cato.
368 2214 424 2278 Sic
443 2235 506 2298 ego
531 2235 734 2280 conservans
761 2215 925 2279 rationem
951 2215 1266 2299 institutionemque

223 2333 371 2387 nostram
396 2333 501 2399 tueor,
529 2333 565 2386 ut
592 2344 739 2406 possum,
765 2324 854 2387 illam
878 2345 898 2388 a
921 2345 975 2388 me
1000 2324 1264 2407 conglutinatam

255 2477 280 2527 9.
298 2478 366 2513 ecce
379 2464 452 2513 aliae
462 2464 536 2514 takes
549 2464 594 2513 the
605 2465 678 2528 place
690 2465 720 2513 of
768 2481 814 2524 sus
823 2480 875 2515 was
884 2465 1010 2531 probably
1018 2465 1266 2531 heavilyinterested

223 2531 398 2580 aeorrelative
408 2533 570 2593 reprimam,
580 2531 717 2581 8.-aliae
768 2533 794 2581 in
809 2548 825 2581 a
841 2533 980 2598 pecuniary
991 2547 1046 2598 way
1057 2532 1083 2580 in
1102 2533 1146 2581 the
1164 2540 1265 2582 matter.

223 2598 717 2662 deliciae,anotherchaemingscheme.
771 2599 886 2662 Perhaps
903 2598 936 2648 he
954 2600 1010 2648 also
1025 2599 1122 2648 wished
1141 2607 1169 2648 to
1181 2598 1265 2648 widen

223 2666 375 2714 -Asiam
389 2665 433 2715 the
442 2665 565 2729 privilege
577 2664 606 2714 of
618 2666 719 2714 collect·
769 2665 814 2715 the
826 2665 920 2714 breach
932 2666 1048 2715 between
1058 2667 1102 2714 the
1114 2673 1204 2715 senate
1213 2665 1265 2714 and

221 2733 267 2795 ing
280 2733 325 2780 the
337 2740 410 2781 taxes
421 2733 447 2780 in
461 2733 506 2781 the
523 2733 660 2796 provinces
676 2732 719 2781 for
769 2733 814 2781 the
826 2732 932 2794 knights
945 2733 970 2781 in
983 2732 1059 2782 order
1072 2740 1099 2781 to
1111 2732 1213 2781 further
1223 2732 1265 2782 his

223 2798 338 2863 aperiod
350 2799 378 2847 01
390 2799 440 2848 five
452 2815 526 2864 years
535 2814 587 2848 was
597 2798 719 2862 assigned
769 2814 826 2847 own
844 2799 959 2863 political
983 2800 1265 2863 plane—summum

223 2874 251 2914 to
264 2866 309 2914 the
321 2865 424 2928 highest
436 2865 541 2915 bidders
559 2865 593 2931 by
605 2865 650 2915 the
662 2881 718 2914 cen·
771 2903 777 2916 .
792 2900 799 2913 .
813 2901 819 2914 .
832 2866 1002 2930 periculum:
1015 2881 1059 2915 see
1069 2866 1132 2914 Crit.
1144 2865 1263 2928 Append.

223 2949 280 2982 sors
306 2933 349 2997 (ct.
375 2932 550 2997 Marquardt's
579 2934 719 2982 Staatrver-
767 2933 1046 2996 -irequentissimo
1067 2941 1181 2983 senatu:
1205 2940 1265 2981 ata

222 3002 340 3064 waltung
353 2998 403 3048 ΙΙ,2
416 2999 462 3060 248
474 2999 523 3063 ft).
559 2999 648 3049 Those
660 2999 718 3048 who
760 3001 888 3064 frequens
899 3007 1001 3048 senatus
1013 2999 1162 3048 mentioned
1174 2999 1200 3047 in
1213 3001 1264 3047 Att.

223 3067 275 3115 had
298 3066 448 3115 contracted
471 3066 514 3115 for
534 3066 578 3114 the
599 3074 672 3115 taxes
691 3067 718 3115 in
771 3080 847 3128 1.14,
864 3082 877 3131 5
896 3067 968 3115 there
986 3082 1051 3116 were
1070 3079 1118 3132 415
1136 3066 1264 3114 members

223 3134 294 3191 Asia,
304 3132 403 3196 finding
412 3134 469 3182 that
482 3134 542 3198 they
554 3132 606 3182 had
619 3132 718 3182 offered
768 3142 880 3196 present,
897 3133 972 3182 while
989 3148 1005 3181 a
1020 3135 1147 3198 frequens
1163 3140 1265 3181 senatus

223 3207 269 3248 too
293 3200 378 3257 much,
400 3199 546 3249 demanded
571 3199 628 3249 that
652 3199 719 3249 their
767 3199 794 3248 in
819 3200 863 3250 the
886 3200 1031 3250 December
1048 3199 1154 3264 holiday
1171 3214 1264 3248 season
1287 3263 1289 3266 Ι

139 3275 141 3280 ’
223 3275 354 3316 contracte
370 3267 466 3316 should
480 3266 513 3316 be
531 3266 661 3316 cancelled
676 3267 718 3330 (ut
768 3267 906 3316 contained
925 3281 973 3316 zoo
990 3266 1118 3315 members
1132 3266 1175 3330 (cf.
1187 3267 1216 3326 Q.
1221 3267 1263 3330 fr.

223 3334 406 3384 induceretur
441 3333 565 3397 locatio).
582 3335 717 3398 —atque
769 3347 791 3382 2.
807 3347 827 3381 1.
844 3348 863 3391 1,
881 3333 933 3382 and
947 3334 1071 3391 willens,
1084 3333 1120 3381 Le
1138 3333 1218 3382 Slnat
1234 3333 1264 3381 de

222 3401 311 3449 adeo:
332 3409 360 3449 to
375 3400 511 3450 introduce
529 3416 546 3449 a
562 3401 717 3460 correctiom
767 3401 794 3448 la
812 3401 916 3462 Rlpubl.
934 3402 1007 3448 Rom.
1029 3401 1065 3447 ΙΙ.
1086 3399 1219 3463 165-170).
1231 3426 1264 3434 -

222 3468 371 3532 equivalent
384 3476 412 3516 to
424 3468 466 3516 vel
476 3469 569 3530 potius.
608 3467 649 3516 cf.
663 3468 716 3516 Cic.
770 3467 918 3517 Metellus:
936 3469 975 3516 ie.
988 3467 1021 3528 Q.
1035 3467 1158 3515 Metellus
1174 3466 1263 3525 Celer;

222 3535 251 3582 in
265 3534 377 3584 Caec.68
391 3535 441 3582 and
461 3534 590 3583 Dziatzko
605 3549 640 3582 on
659 3535 717 3582 Ter.
768 3533 801 3582 cf.
822 3536 874 3582 Ate.
899 3548 921 3582 2.
942 3548 963 3582 1.
981 3547 996 3594 4
1004 3551 1010 3593 ;
1029 3540 1080 3595 pro
1101 3533 1167 3582 Cael.
1187 3545 1264 3598 59.-

222 3601 327 3649 Ptorm.
340 3601 439 3665 389.—
451 3602 606 3651 eecundus:
625 3601 718 3650 Cicero
768 3602 855 3650 heros
867 3600 931 3650 ille:
951 3599 1062 3649 because
1074 3599 1219 3662 regardless
1236 3597 1264 3646 ol

221 3666 718 3731 wastheirsecondchampioninpoint
769 3667 813 3716 the
836 3668 950 3731 political
974 3681 1175 3729 consequences.
1222 3664 1262 3714 ef.

222 3731 252 3780 of
265 3731 327 3780 time
339 3731 391 3780 and
403 3731 432 3781 of
445 3732 619 3796 prominence.
644 3733 718 3782 Cras·
768 3741 830 3782 note
849 3741 876 3782 to
894 3735 922 3783 ob
939 3734 1114 3790 iudicandum,
1127 3731 1219 3782 above.

1391 3970 1398 4302 1
