2814 4330
223 247 271 298 144
403 215 406 220 ’
562 244 729 294 mensos
754 243 928 292 aurnuns.
1032 242 1274 308 [npxxxvm.

222 423 294 477 tum
313 412 457 478 iudicare
474 411 586 494 potius
610 411 867 476 mansuetudine
893 420 927 474 et
952 410 1144 474 innocentia
1168 410 1273 492 impe-

223 522 342 586 ratoris
371 521 574 604 provinciam
606 540 704 603 quam
729 519 762 582 vi
793 519 936 582 militum
968 527 1025 582 aut
1058 518 1277 600 benignitate

223 631 362 696 deorum
386 638 552 693 retentam
580 639 681 711 atque
714 637 944 692 conservatam
976 646 1060 702 esse,
1085 627 1174 709 quod
1207 647 1276 710 ego

190 755 298 807 3mea
315 737 484 802 sententia
507 738 694 802 censebam.
745 736 860 818 Atque
884 737 967 799 haec
991 755 1055 817 ego
1080 735 1204 798 idcirco
1232 737 1276 798 ad

224 859 259 911 te
291 856 407 911 contra
439 846 716 911 consuetudinem
748 864 855 908 meam
887 843 1037 925 pluribus
1070 843 1190 924 scripsi
1224 854 1274 920 ut,

224 957 313 1039 quod
338 954 480 1018 maxime
497 954 581 1029 volo,
602 953 784 1026 existimes¹
798 972 851 1016 me
875 953 1025 1016 laborare
1050 961 1085 1014 ut
1111 952 1175 1014 tibi
1199 973 1277 1034 per-

219 1065 382 1134 suadeam
400 1082 454 1126 me
471 1072 504 1126 et
518 1063 663 1126 voluisse
679 1063 721 1124 de
738 1070 795 1124 tua
812 1060 988 1124 maiestate
1003 1061 1092 1142 quod
1109 1061 1277 1141 amplissi-

225 1193 316 1236 mum
341 1171 402 1235 sim
427 1171 616 1246 arbitratus
641 1181 674 1234 et
698 1170 786 1252 quod
811 1178 848 1232 tu
873 1168 1019 1232 maluisti
1042 1168 1172 1230 Iactum
1197 1187 1278 1231 esse

225 1282 380 1363 gaudere.
429 1280 513 1344 Vale
530 1289 563 1342 et
580 1300 642 1343 nos
659 1279 761 1361 dilige
778 1287 811 1341 θῖ
829 1277 986 1341 instituto
1006 1276 1127 1339 itinere
1152 1276 1279 1340 severi-

225 1398 330 1453 tatem
347 1388 620 1471 diligentiamque
638 1387 736 1452 sociis
753 1396 787 1450 et
803 1387 851 1449 rei
867 1408 897 1469 p.
917 1393 1058 1468 praesta.

509 1663 716 1727 XXXVIII.
752 1663 856 1749 (Fam.
881 1677 930 1744 15.
948 1663 995 1748 6.)

482 1837 519 1886 M.
544 1837 682 1886 CICERO
707 1837 733 1886 S.
757 1838 790 1885 D.
816 1837 851 1886 M.
876 1837 1026 1886 CATONI.

197 1995 205 2028 1
275 1972 421 2036 ‘Laetus
438 1991 512 2034 sum
536 1971 662 2034 laudari
678 1970 753 2046 me‚'
772 1971 879 2054 inquit
898 1971 1036 2047 Hector,
1050 1971 1168 2054 opinor
1184 1975 1276 2055 apud

229 2080 402 2155 Naevium,
424 2092 501 2161 ‘aps
525 2088 569 2155 te,
587 2089 690 2161 pater,
710 2100 729 2142 a
752 2081 886 2143 laudato
909 2078 1017 2156 vir0’;
1041 2100 1081 2143 ea
1105 2091 1157 2144 θεῖ
1182 2081 1274 2144 enirn

228 2189 378 2272 prolecto
396 2188 540 2252 iucunda
561 2189 633 2252 laus
649 2208 734 2271 quae
758 2189 800 2252 ab
823 2188 863 2252 iis
887 2189 1111 2270 proficiscitur
1126 2189 1184 2272 qui
1210 2190 1275 2272 ipsi

228 2299 261 2361 in
278 2298 375 2361 laude
392 2297 555 2360 vixerunt.
599 2298 672 2379 Ego
685 2317 764 2360 vero
776 2297 829 2360 vel
846 2298 1068 2380 gratulatione
1084 2297 1273 2360 litterarum

228 2417 359 2470 tuarum
378 2406 431 2468 vel
447 2405 649 2469 testimoniis
667 2405 856 2469 sententiae
872 2405 982 2469 dictae
999 2406 1081 2468 nihil
1106 2416 1159 2469 θεῖ
1183 2408 1275 2489 quod

229 2535 373 2578 menon
399 2513 596 2578 adsecutum
622 2523 747 2596 putem,
775 2515 874 2597 idque
905 2514 987 2577 mihi
1013 2535 1087 2578 cum
1112 2515 1274 2597 amplissi-

228 2645 329 2699 mum,
359 2632 431 2686 tum
459 2623 685 2704 gratissimum
714 2632 837 2698 est,¹te
865 2623 1008 2686 libenter
1031 2623 1196 2689 amicitiae
1220 2623 1275 2686 de-

229 2732 318 2795 disse
342 2733 431 2814 quod
463 2731 588 2814 liquido
613 2731 747 2796 veritati
779 2732 884 2795 dares.
943 2733 987 2795 Et
1021 2732 1049 2795 si
1080 2753 1146 2795 non
1173 2733 1274 2796 modo

229 2860 355 2916 omnes,
382 2859 496 2903 verum
522 2840 621 2903 etiam
647 2840 743 2903 multi
769 2840 916 2904 Catones
941 2849 1054 2903 essent
1080 2841 1115 2902 in
1139 2840 1275 2904 civitate

230 2958 353 3024 nostra,
372 2949 406 3010 in
423 2969 488 3031 qua
507 2969 611 3012 unum
637 2949 808 3013 exstitisse
834 2948 981 3012 mirabile
1006 2958 1067 3025 est,
1087 2969 1185 3031 quem
1211 2969 1274 3031 ego

230 3077 362 3121 currum
395 3066 452 3120 aut
477 3077 575 3140 quam
609 3057 754 3122 lauream
787 3079 862 3122 cum
891 3069 950 3121 tua
981 3057 1171 3121 laudatione
1199 3078 1275 3121 con-

265 3222 287 3272 3.
300 3216 400 3258 contra
410 3210 652 3259 consuetudinem
666 3224 727 3260 me·
779 3210 924 3258 XXXVII.
934 3208 1029 3258 introd.
1038 3209 1273 3267 note—Hector,

230 3290 295 3325 am:
314 3283 434 3342 contrary
452 3284 479 3325 to
499 3277 538 3325 his
557 3277 628 3325 habit
646 3293 675 3326 as
694 3293 727 3324 an
778 3277 887 3340 opinor,
898 3285 957 3325 etc:
968 3275 1000 3324 ci.
1013 3277 1060 3340 Ep.
1070 3276 1174 3324 XVlll.
1185 3289 1198 3335 7
1209 3291 1275 3323 n.—

230 3342 380 3399 individual,
405 3343 456 3391 and
483 3351 510 3392 to
537 3344 581 3392 the
608 3344 728 3406 reaching
778 3342 1275 3407 apste:archaiciorabste(=ate).—-

231 3409 260 3457 oi
288 3409 329 3458 his
358 3409 653 3474 fellow-philosophers
683 3411 728 3458 the
780 3411 942 3459 sententiae
957 3409 1065 3458 dIctae:
1079 3427 1112 3457 sc.
1124 3409 1150 3456 in
1163 3409 1207 3456 the
1220 3424 1275 3457 sen-

233 3476 326 3526 Stoics.
780 3485 904 3526 ate—te
918 3513 925 3525 .
939 3513 946 3525 .
960 3511 966 3525 .
980 3477 1108 3525 dedisse:
1122 3475 1215 3524 Cicero
1224 3491 1274 3524 was

266 3543 426 3591 XXXVIII.
445 3545 550 3601 Tarsus,
561 3544 627 3608 July,
639 3558 668 3608 50
679 3555 728 3591 nc.
780 3543 898 3606 gratified
914 3545 969 3592 that
987 3543 1077 3591 Cato's
1095 3549 1235 3591 statement
1247 3541 1276 3590 of

233 3609 347 3658 Cicero's
360 3610 430 3674 reply
441 3618 468 3659 to
482 3612 529 3674 Ep.
544 3611 688 3659 XXXVII.
781 3611 826 3658 the
837 3626 897 3658 case
905 3611 931 3658 in
943 3610 986 3658 the
996 3618 1086 3658 senate
1096 3623 1147 3657 was
1157 3608 1201 3656 the
1212 3608 1275 3656 free

268 3688 288 3721 1.
301 3675 395 3724 laetus
409 3689 485 3725 sum:
497 3677 539 3724 for
550 3677 664 3725 Cicero's
676 3676 729 3724 real
780 3677 830 3724 will
839 3675 1273 3739 offeringoiairiend.—currum,

233 3740 339 3802 opinion
358 3740 387 3788 of
404 3741 494 3790 Cato's
512 3756 611 3799 course,
629 3742 661 3790 ci.
681 3743 729 3805 Ep.
780 3742 927 3791 lauream:
946 3743 1019 3791 these
1036 3757 1100 3790 were
1118 3756 1214 3804 among
1232 3741 1275 3790 the
